2288 4036
227 215 334 268 710
578 214 852 283 Profiando
880 215 1110 266 IVaturae
1137 215 1441 293 Lucretia-m
1468 216 1587 285 capi
1604 237 1620 267 .·
1677 235 1838 274 PRAEL.
1858 235 2024 268 xxxv.

227 361 601 430 Videndum,
655 380 730 417 an
791 359 915 417 haec
971 362 1334 418 conveniant
1383 363 1826 437 quodammodo
1887 384 2026 421 cum

226 479 435 517 eorum
465 478 652 525 more,
687 459 788 533 qui
822 478 896 514 ex
931 458 1131 514 animo
1166 458 1475 534 disputant
1508 460 1583 515 de
1614 461 1886 536 graviore
1923 460 2029 518 ali-

225 576 342 632 qua
382 576 478 614 re:
521 558 746 614 nedum
781 558 856 613 de
889 557 1277 614 sanctissimis
1309 558 1579 614 omnium
1620 557 2025 634 religionibus.

227 654 452 712 Nonne
502 656 714 730 saepius
764 657 1042 712 incusant
1091 655 1409 712 verborum
1461 657 1743 732 inopiam,
1788 665 2028 713 curant-

225 771 360 827 que,
393 772 470 809 ne
511 753 572 808 in
613 773 739 810 rem
782 753 972 828 ipsam
1006 753 1350 810 conferatur
1381 753 1573 829 culpa,
1608 774 1745 829 quae
1789 756 2029 831 propria

224 859 316 907 est
355 850 537 908 solius
564 850 795 928 ¹linguae
831 850 924 907 vel
957 852 1222 927 ipsorum
1256 852 1350 909 vel
1383 852 1594 927 patriae
1628 852 1794 910 suae?
1864 852 2028 921 Qua-

222 956 469 1024 propter
492 949 552 1005 in
578 950 708 1006 istis
734 950 918 1006 etiam
949 969 1274 1026 agnoscere
1298 949 1443 1007 licet
1469 949 1757 1006 indicium
1784 949 2026 1026 aliquod

223 1047 357 1104 leve
388 1047 714 1105 illiusmodi
749 1048 984 1115 indolis,
1017 1068 1148 1123 quae
1182 1067 1334 1105 verae
1371 1048 1616 1124 pietatis
1650 1048 1808 1124 jura,
1841 1048 2027 1106 semel

220 1148 402 1203 modo
434 1148 693 1223 cognita,
726 1155 1040 1222 arreptura
1086 1154 1215 1204 erat
1261 1146 1511 1212 avidius,
1546 1153 1608 1203 et
1654 1148 2028 1204 constantius

222 1253 546 1302 servatura.

309 1343 489 1412 Quod
535 1343 697 1400 idem
744 1343 1002 1420 intelligi
1053 1343 1235 1401 debet
1269 1345 1343 1402 de
1389 1344 1492 1401 illa
1524 1363 1763 1420 quoque
1810 1345 2025 1402 severi-

222 1449 369 1510 tate,
401 1462 436 1499 a
467 1441 638 1498 nobis
658 1442 786 1517 Jam
822 1450 965 1499 ante
1007 1462 1127 1499 non
1171 1441 1358 1499 semel
1397 1443 1826 1500 animadversa.
1920 1441 2027 1498 Et-

222 1540 401 1608 enim,
434 1559 572 1597 cum
618 1540 768 1596 nihil
806 1541 883 1597 sit
915 1541 1066 1598 adeo
1098 1539 1364 1598 alienum
1410 1560 1445 1597 a
1488 1541 1608 1597 risu
1647 1548 1830 1615 atque
1863 1540 2028 1616 jocO,

221 1659 290 1696 ac
325 1646 717 1697 sacrosanctae
749 1637 1106 1715 religiones3
1155 1640 1255 1714 qui
1289 1659 1365 1696 ex
1397 1639 1598 1696 animo
1631 1639 1831 1696 dicere
1862 1638 2028 1696 vide-

222 1746 322 1795 tur
353 1737 572 1804 omnia,
604 1738 654 1794 is
698 1757 770 1795 ea
814 1757 878 1794 re
925 1739 1225 1796 duntaxat
1271 1737 1533 1815 religiosi
1578 1757 1647 1794 ac
1694 1738 1885 1795 sancti
1918 1738 2025 1794 viri

224 1837 488 1912 speciem
518 1835 722 1892 habet.

306 1935 588 2010 Denique
619 1933 681 1990 in
714 1934 876 1991 omni
910 1934 1025 1991 hoc
1059 1935 1258 2011 capite
1290 1935 1628 1992 maximum
1666 1935 1727 1991 id
1773 1954 1841 1992 ac
1880 1953 2027 2010 prae-

220 2034 468 2110 cipuum
514 2033 647 2100 erit,
693 2032 948 2090 Poetam
996 2033 1256 2110 physicis
1307 2033 1492 2090 etiam
1538 2033 1887 2100 rationibus,
1919 2032 2023 2089 ubi

221 2140 283 2189 et
335 2132 597 2207 pressius
650 2136 778 2188 erat
831 2130 1263 2206 disputandum
1312 2138 1374 2187 et
1421 2130 1765 2188 distinctius
1816 2130 2026 2206 depin-

220 2232 419 2309 genda
450 2230 947 2298 omnia,—-immo
979 2229 1225 2287 calculis
1257 2248 1443 2305 prope
1474 2228 2024 2297 mathematiciS,—

220 2329 507 2387 adhibere
543 2329 977 2406 cogitationem
1014 2329 1216 2385 nescio
1247 2328 1419 2403 cujus
1453 2326 1762 2394 Profundi,
1796 2328 2022 2385 circum

219 2446 668 2503 usquequaque,
716 2434 785 2483 ut
833 2427 920 2483 ita
965 2427 1179 2493 dicam,
1226 2426 1531 2501 patentis:
1584 2426 1743 2500 quod
1791 2427 1877 2483 ita
1915 2445 2025 2483 ne-

219 2542 401 2598 queas
444 2522 778 2599 explorare,
809 2531 880 2580 ut
921 2542 999 2580 ne
1041 2529 1247 2579 tamen
1285 2521 1463 2579 facile
1494 2541 1695 2580 careas
1743 2541 1864 2598 spe,
1897 2522 2024 2579 fore

217 2620 541 2696 aliquando
592 2627 663 2677 ut
715 2620 778 2677 in
831 2640 903 2678 eo
964 2620 1269 2678 liberrime
1323 2621 1615 2696 spatieris,
1714 2619 2021 2687 Altiorem

218 2719 379 2776 hunc
405 2738 664 2786 sensum,
685 2727 748 2776 et
773 2739 910 2776 cum
944 2718 1235 2796 religione
1260 2719 1754 2795 conjunctiorem‚
1777 2719 2022 2788 fatetur,

219 2819 267 2876 si
298 2827 463 2876 recte
495 2819 685 2894 capi0,
718 2817 1059 2886 LucretiUS,
1091 2818 1275 2875 etiam
1322 2817 1427 2875 ubi
1461 2818 1872 2894 jactabundus
1917 2819 2020 2886 ait,

215 2914 447 2972 nullam
498 2914 757 2973 Naturae
810 2916 1120 2991 regionem
1169 2933 1291 2972 non
1345 2915 1527 2973 fuisse
1578 2915 1840 2991 Epicuro
1887 2934 2021 2991 per-

218 3014 376 3070 viam
397 3022 437 3070 e.

461 3136 548 3180 His
570 3137 652 3181 tibi
674 3153 747 3181 me
768 3137 905 3182 rebus
929 3137 1139 3197 quaedam
1162 3138 1315 3183 divina
1335 3140 1544 3196 voluptas

459 3210 667 3268 Percipit,
692 3218 826 3270 atque
847 3211 1023 3264 horror,
1048 3211 1173 3271 quod
1195 3213 1260 3256 sic
1282 3212 1460 3256 Natura
1482 3219 1561 3256 tua
1583 3213 1627 3256 vi

457 3283 571 3326 Tam
593 3284 831 3329 manifesta
852 3292 974 3342 patet
995 3300 1049 3329 ex
1071 3286 1197 3329 omni
1219 3294 1345 3343 parte
1366 3293 1545 3330 retecta.

216 3408 578 3478 Quemnam,
622 3408 886 3477 obsecm,
936 3409 1134 3466 locum
1180 3410 1430 3467 habebit
1475 3409 1684 3467 horror
1727 3411 1860 3479 iste,
1908 3430 2014 3468 seu

944 3622 960 3640 ²
994 3615 1128 3659 Lucr.
1153 3629 1196 3673 3.
1222 3616 1294 3659 28.
