2288 4036
90 195 402 232 PRAEL.xxvl.
427 176 824 244 Componiposse
846 175 1138 226 Pindaricum
1159 192 1270 225 cum
1289 174 1515 224 Alaudoe
1537 183 1703 226 cantu.
1739 177 1835 228 52]

97 320 348 379 Videtur
397 315 663 372 intulisse
714 316 983 372 festivam
1038 316 1330 389 quandam
1386 315 1665 393 εἰρωνείαν,
1711 335 1846 372 cum

102 413 508 491 Nympharum
542 412 841 468 ordinibus
874 410 1187 489 Πρόφασιν
1216 411 1377 467 illam
1411 411 1788 467 adscriberet.

180 511 367 580 Quale
391 510 629 565 demum
654 509 817 575 illud,
839 510 993 583 quod
1020 509 1362 565 familiarius
1385 510 1508 583 agit
1531 508 1848 583 aliquando

99 628 232 666 cum
264 609 388 681 ipsa
420 606 613 671 Musa,
646 604 827 661 filiam
873 606 1248 672 nominande,
1282 625 1457 679 quam
1504 606 1681 660 modo
1726 625 1850 661 ma-

101 714 247 762 trem
285 702 680 777 appellaverat
702 698 746 756 il

447 829 555 887 ἄρχε
577 827 612 872 δ’
635 830 817 886 οὐρανοῦ
838 829 1120 886 πολυνεφέλα
1143 830 1323 886 κρέοντι,
1347 829 1586 887 θύγατερ,

449 902 621 956 δόκιμον
642 899 784 956 ὕμνον.

104 1015 477 1088 InterpreteS,
520 1013 724 1078 fateor,
770 1013 830 1067 in
878 1012 992 1068 alia
1044 1013 1241 1068 omnia
1293 1012 1591 1068 abierunt:
1642 1031 1847 1068 verum

102 1110 298 1184 quidni
346 1110 609 1166 decuerit
652 1108 990 1174 Pindarum,
1025 1109 1148 1182 jam
1198 1109 1508 1175 seniorem,
1541 1128 1677 1164 cum
1720 1108 1851 1165 Dea

103 1224 332 1280 quoque
376 1204 577 1260 ludere
622 1205 917 1269 audacius,
964 1204 1130 1277 cujus
1176 1205 1602 1260 consuetudine
1646 1204 1850 1261 multis

95 1303 218 1378 jam
248 1302 412 1358 annis
442 1306 567 1356 erat
598 1300 776 1356 usus?

181 1396 452 1471 Denique
481 1396 696 1470 (dicam
722 1397 896 1462 enim,
917 1397 1029 1452 etsi
1054 1396 1206 1452 forte
1235 1395 1486 1452 levicula
1509 1416 1599 1454 res
1630 1418 1852 1456 nonne-

106 1493 247 1548 mini
278 1493 568 1562 videatur)
602 1491 841 1547 fuerunt
873 1493 971 1566 qui
1017 1493 1101 1548 ita
1142 1493 1215 1548 de
1257 1491 1512 1548 Pindaro
1546 1495 1850 1561 sentirent,

105 1595 171 1644 ut
201 1588 428 1662 quoties
467 1588 539 1643 de
582 1606 798 1662 genere
835 1588 959 1661 ejus
995 1589 1319 1643 carminum
1362 1589 1757 1663 disputabant,
1790 1597 1852 1646 et

108 1682 228 1758 (qui
258 1703 382 1739 mos
418 1693 508 1739 est
541 1684 792 1740 Poeseos
822 1685 1173 1758 amantium)
1200 1685 1539 1758 quaerebant
1570 1687 1851 1760 quasdam

105 1780 527 1846 similitudineS,
549 1799 683 1836 cum
703 1779 943 1836 Alauda
971 1780 1342 1854 potissimum
1375 1781 1699 1854 comparari
1731 1779 1854 1836 vel-

106 1875 226 1931 lent
258 1875 597 1932 Pindarica:
643 1877 860 1951 quippe
891 1895 1019 1949 quae
1055 1876 1286 1932 avicula
1328 1896 1451 1951 prae
1496 1877 1720 1932 caeteris
1766 1895 1855 1931 re-

105 1969 252 2026 ferat
281 1972 712 2045 quodammodo
754 1971 976 2046 Lyricae
1017 1970 1271 2027 Poeseos
1315 1979 1602 2038 tenorem,
1647 1971 1851 2037 libem,

106 2064 253 2132 laeto,
283 2068 524 2140 perenni
557 2075 753 2123 cantu,
843 2067 1076 2123 Deinde
1107 2069 1263 2141 quod
1296 2066 1533 2124 Alauda
1569 2087 1645 2123 ne
1680 2067 1853 2123 nudis

107 2162 340 2236 quidem
385 2170 445 2219 et
489 2164 789 2220 arentibus
825 2163 958 2219 silet
994 2164 1231 2238 campis,
1263 2164 1366 2219 sed
1397 2183 1430 2219 e
1461 2163 1854 2238 qualicunque

106 2258 241 2314 nido
277 2278 411 2315 cum
455 2260 670 2334 gaudio
707 2267 766 2314 et
804 2259 1176 2316 cantionibus
1213 2259 1446 2315 evolat:
1492 2259 1666 2334 plane
1703 2259 1856 2315 sicut

110 2350 392 2410 Pindarus
423 2373 498 2409 ex
530 2354 712 2409 initiis
742 2354 1185 2428 angustissimiS,
1208 2361 1268 2408 et
1293 2354 1363 2424 (si
1395 2373 1486 2410 res
1516 2355 1601 2410 ita
1623 2353 1853 2426 tulerit)

109 2449 540 2515 obscurissimis,
589 2450 647 2504 in
697 2447 944 2514 excelsa,
985 2448 1382 2522 praeclaraque
1428 2450 1625 2504 omnia
1669 2467 1858 2504 assur-

107 2564 242 2620 gere
272 2552 447 2601 amat.
538 2545 845 2600 Postremo
876 2545 1030 2617 quod
1078 2563 1147 2599 ea
1183 2544 1305 2599 sola
1341 2563 1416 2599 ex
1457 2545 1663 2600 avibus
1703 2545 1858 2600 inter

111 2639 421 2696 volandum
447 2660 656 2697 canere
687 2639 869 2696 solet:
909 2660 1024 2713 qua
1053 2659 1114 2695 re
1146 2641 1370 2714 optime
1400 2641 1635 2695 videtur
1664 2641 1858 2714 expri-

109 2752 267 2790 mere
310 2735 604 2808 peculiare
634 2735 692 2789 id
724 2754 791 2790 ac
824 2737 1121 2808 proprium
1156 2734 1414 2801 Pindari,
1456 2737 1612 2809 quod
1661 2737 1855 2810 ipsum

110 2827 270 2895 illud,
309 2830 578 2897 Cantare,
620 2831 678 2886 in
726 2831 947 2886 deliciis
987 2830 1184 2895 habet,
1225 2830 1298 2886 de
1343 2843 1691 2906 argumento
1736 2850 1854 2887 non

112 2924 254 2980 adeo
285 2924 583 2982 sollicitus
674 2927 903 3000 Itaque,
935 2926 1089 3000 quod
1120 2927 1375 3000 primum
1409 2927 1463 2982 ei
1494 2945 1726 3000 cunque
1758 2946 1856 2982 ve-

110 3019 260 3074 nerit
298 3021 356 3075 in
400 3041 625 3088 manus,
667 3023 725 3077 id
771 3022 878 3078 sibi
927 3022 1107 3077 sumit
1151 3022 1423 3088 initium3
1473 3023 1633 3078 miris
1678 3023 1854 3078 modo

111 3112 456 3172 flexionibus
500 3118 807 3184 variatum,
853 3126 914 3173 et
955 3118 1410 3190 exquisitissime
1455 3125 1852 3192 temperatum

111 3225 213 3281 pro
243 3228 303 3264 re
333 3228 399 3266 ac
428 3217 712 3285 tempore.

850 3405 860 3434 i
885 3407 1007 3449 Nem.
1032 3420 1072 3461 3.
1103 3408 1168 3448 16.
