2288 4036
251 1064 844 1141 PRAELECTIO
898 1071 1380 1139 VIGESIMA
1439 1067 1864 1141 QUARTA.

192 1524 374 1572 Quinam
387 1522 659 1580 potissimum
673 1521 830 1578 Lyrici
847 1521 937 1563 sint
958 1518 1153 1562 habendi.
1203 1519 1385 1575 Duplici
1405 1518 1456 1561 de
1477 1533 1608 1562 causa
1629 1517 1846 1575 difficilius
1866 1532 1935 1560 eos

243 1596 290 1638 in
311 1595 501 1638 ordinem
520 1594 674 1649 rediyi.
741 1593 859 1641 Quid
881 1593 955 1644 sit,
979 1591 1094 1648 quod
1110 1606 1306 1634 numeros
1318 1593 1571 1648 plerumque
1591 1591 1695 1634 adeo
1717 1595 1936 1633 contortos

243 1673 286 1711 et
305 1668 510 1724 impleoeos
532 1666 776 1709 adhibeant.
835 1666 1102 1722 Disputatur
1123 1664 1174 1707 de
1195 1664 1527 1707 Pindaricorum
1556 1678 1718 1706 summa
1739 1663 1907 1705 ratione
1921 1683 1933 1704 :

236 1738 456 1795 pertinere
485 1752 535 1780 ea
563 1737 623 1780 ad
643 1751 778 1793 yenus
808 1737 1054 1788 Heroicum,
1088 1735 1335 1792 discrepare
1367 1741 1506 1777 tamen
1537 1734 1591 1777 ab
1622 1733 1865 1776 Homericis
1895 1738 1936 1775 et

245 1808 512 1864 AEschyleis.
574 1807 798 1864 Eoeemplis
837 1807 1061 1859 evincitur,
1094 1806 1334 1850 Pindarum
1365 1806 1566 1849 Athletas
1598 1819 1698 1847 suos
1733 1803 1936 1860 ludosque

243 1894 336 1922 cum
357 1894 500 1923 amore
520 1879 701 1937 quodam
713 1881 934 1937 prosequi,

299 2041 613 2099 UDIOET
652 2043 896 2100 fortasse
940 2042 1164 2117 aliquis,
1201 2061 1320 2099 non
1365 2043 1490 2099 sine
1527 2042 1648 2098 veri
1680 2041 1933 2117 quadam

338 2139 737 2206 similitudine,
769 2137 1009 2215 Lyricos
1040 2139 1255 2195 Poetas
1285 2138 1513 2195 facilius
1542 2137 1733 2194 multo
1757 2157 1934 2212 quam

185 2242 426 2292 caeteros
461 2255 630 2311 posse
660 2237 941 2313 distingui
987 2238 1047 2291 in
1090 2255 1308 2312 genera
1346 2242 1525 2310 atque
1569 2235 1629 2290 in
1668 2234 1934 2291 ordinem

186 2351 480 2407 quemque
524 2350 732 2389 suum:
777 2351 853 2388 ex
889 2352 958 2389 ea
988 2332 1264 2389 videlicet
1309 2331 1574 2399 formula,
1607 2351 1784 2406 quam
1827 2350 1933 2388 nos

185 2429 260 2485 ab
288 2429 457 2484 initio
482 2428 847 2485 decrevimus
871 2429 924 2484 ei
955 2428 1037 2484 rei
1067 2428 1192 2484 fore
1222 2427 1633 2484 adhibendam.
1695 2427 1934 2503 Nempe

187 2522 528 2600 Lyricorum
560 2525 621 2580 id
651 2525 910 2580 maxime
946 2525 1244 2599 proprium
1278 2523 1550 2592 habetur,
1579 2531 1647 2580 ut
1677 2525 1933 2581 scribant

185 2619 349 2676 nulla
378 2620 517 2677 satis
540 2627 702 2676 certa
729 2619 860 2696 lege
890 2620 1178 2688 adstricti3
1221 2627 1456 2677 tantum
1485 2628 1661 2695 prout
1684 2621 1759 2677 ad
1783 2629 1934 2678 tem-

186 2735 294 2791 pus
338 2717 414 2772 sit
457 2717 668 2791 cuique
714 2722 986 2783 “votum‚
1032 2716 1226 2782 timor,
1279 2717 1381 2783 ira,
1418 2716 1738 2792 voluptaS,”
1765 2718 1931 2793 justo

187 2814 445 2869 carmine
474 2812 568 2868 vel
603 2820 840 2870 narrent
869 2813 964 2869 vel
1001 2820 1161 2870 certe
1196 2813 1544 2889 significent.
1633 2814 1931 2891 Expectes

186 2909 381 2985 igitur,
436 2909 611 2983 plena
661 2910 822 2984 quasi
881 2909 1013 2966 luce
1071 2910 1332 2966 extitura
1390 2927 1594 2966 eorum
1641 2912 1741 2985 qui
1787 2912 1930 2969 talia

187 3006 449 3062 scribunt
484 3006 678 3062 studia
708 3012 769 3062 et
799 3005 1077 3062 indolem.
1164 3005 1340 3073 Quod
1379 3013 1586 3064 contra
1614 3014 1743 3065 tum
1773 3010 1930 3084 apud

188 3099 508 3156 Pindarum
567 3109 697 3157 tum
762 3102 918 3176 apud
982 3101 1125 3158 alios
1188 3101 1452 3158 evenisse
1514 3122 1690 3160 nemo
1753 3124 1930 3180 nega-

187 3195 351 3262 verit,
392 3197 491 3270 qui
534 3198 711 3253 modo
752 3197 896 3254 velit
939 3198 1225 3254 attentius
1272 3198 1447 3273 paulo
1492 3201 1799 3274 exquirere
1843 3200 1929 3257 di-

187 3308 351 3347 versa
384 3310 587 3348 eorum
623 3312 818 3368 opera,
850 3311 1041 3367 neque
1083 3312 1158 3349 ex
1193 3313 1311 3350 uno
1350 3301 1585 3351 tantum
1624 3295 1928 3370 alteroque

184 3393 456 3460 poemate
504 3388 577 3444 de
634 3395 762 3444 toto
813 3389 1094 3463 cujusque
1151 3409 1367 3466 genere
1413 3391 1706 3465 judicium
1757 3391 1925 3448 ferre.

186 3479 331 3548 Erit,
361 3483 421 3539 ni
452 3482 636 3551 fallor,
667 3485 727 3540 in
767 3483 970 3541 multis
999 3485 1286 3559 ejusmodi
1321 3485 1677 3561 perdifficilis
1707 3494 1768 3542 et
1798 3506 1928 3562 per-

998 3598 1041 3636 H
1070 3580 1108 3637 h
