2288 4036
197 302 352 335 PRAEL.
368 300 551 333 xxxvi.
612 280 923 332 atrocissima
950 279 1120 329 omnia
1146 277 1202 328 in
1228 276 1363 328 illud
1386 276 1622 327 cumulat.
1844 277 1948 329 733

201 427 433 501 Quippe
478 445 586 481 usu
625 425 822 480 venire
867 422 1215 497 accepimus,
1252 420 1450 493 utqui
1490 424 1787 475 notantur>
1814 417 1956 472 odio

201 523 440 580 humani
484 521 734 596 generis,
778 519 957 574 iidem
1003 518 1187 574 ferme
1233 534 1464 590 semper
1505 514 1762 570 habeant
1793 514 1949 587 quod

201 637 396 676 amore
446 621 903 691 prosequantur:
966 633 1069 670 seu
1122 631 1345 678 canem,
1392 612 1514 667 sive
1565 628 1804 683 equum,
1848 627 1951 664 seu

201 714 273 786 (si
311 714 427 769 fors
466 713 552 768 ita
589 711 818 784 tulerit)
850 729 1037 766 avem.
1127 707 1457 764 Pertinebit
1500 705 1683 781 igitur
1711 723 1781 760 ea
1810 723 1953 778 quo-

203 828 315 884 que
350 827 441 864 res
485 808 558 864 ad
600 807 927 872 lenitatem,
947 805 1353 879 judicantibus
1384 804 1457 858 de
1491 801 1830 857 Mezentio:
1877 819 1952 855 ne

203 904 353 959 forte
394 902 487 967 sit,
518 901 683 976 cujus
727 919 873 956 nece
913 899 1184 975 placeant
1229 897 1339 954 sibi
1379 897 1664 962 homines,
1695 893 1951 970 Virgilio

203 1006 490 1054 narrante.
1967 982 1982 994 ⁴

297 1095 612 1160 Praeterea,
664 1094 894 1167 quoties
945 1092 1260 1148 dicendum
1313 1098 1402 1147 est
1454 1091 1527 1145 de
1577 1096 1770 1164 strage
1822 1088 1955 1143 hor-

201 1193 510 1266 rendisque
562 1189 915 1254 vulneribUS,
953 1208 1201 1263 quorum
1240 1189 1404 1262 quasi
1453 1187 1600 1242 serie
1627 1186 1798 1241 *viam
1845 1184 1953 1241 sibi

203 1288 426 1362 aperire
473 1285 664 1341 solent
707 1285 804 1340 isti
851 1282 1097 1349 Heroes,
1130 1283 1272 1339 fecit
1315 1283 1474 1338 idem
1518 1282 1849 1337 mirandum
1894 1281 1955 1335 in

203 1383 461 1447 modum,
492 1388 559 1437 ut
590 1382 828 1437 doceret
872 1387 1181 1454 penetrare
1211 1379 1514 1435 adomnia
1543 1378 1678 1433 vitae
1721 1395 1953 1453 genera,

204 1497 522 1552 omnesque
552 1477 830 1541 fortunaS‚
863 1484 1092 1551 pestem
1123 1475 1282 1532 illam
1316 1475 1541 1531 bellicae
1570 1474 1786 1550 gloriae.
1867 1472 1956 1529 Ut

204 1576 359 1631 enim
383 1574 573 1649 Trojae
602 1574 909 1630 mittamus
940 1573 1255 1637 excidium,
1286 1572 1389 1628 ubi
1419 1573 1574 1627 inter
1603 1578 1850 1628 caeteros
1873 1577 1913 1635 ἃ,

616 1707 746 1751 Cadit
767 1715 810 1751 et
833 1707 1031 1764 Rhipeus
1047 1707 1325 1764 justissimus
1346 1721 1465 1750 unus

439 1779 530 1826 Qui
551 1779 636 1822 fuit
656 1780 703 1822 in
723 1779 922 1831 Teucris,
945 1789 987 1822 et
1009 1779 1365 1823 servantissimus
1387 1778 1529 1836 aequi:

436 1852 556 1908 (Diis
578 1852 702 1895 aliter
721 1853 867 1895 visum
886 1852 918 1907 z)
950 1858 1135 1908 pereunt
1160 1851 1451 1908 Hypanisque
1475 1851 1748 1908 Dymasque,

437 1924 613 1967 Confixi
634 1939 660 1967 a
680 1924 810 1968 sociis
827 1941 836 1967 z
869 1939 949 1967 nec
973 1931 1014 1967 te
1035 1931 1112 1967 tua
1132 1924 1337 1980 plurima,
1360 1922 1575 1974 Pantheu,

438 1996 680 2040 Labentem
700 1996 854 2053 pietas,
876 2010 958 2039 nec
981 1995 1362 2052 Apollinisinfula
1382 1995 1492 2038 texit
1508 2011 1580 2037 :—

205 2131 353 2168 neve
383 2130 816 2168 commoremur
850 2111 909 2166 in
942 2119 1152 2167 exusta
1184 2110 1402 2165 Priami
1434 2110 1627 2175 dom0‚
1661 2108 1960 2172 thalamis-

208 2228 321 2283 que
366 2209 657 2284 regiarum
702 2208 1018 2263 mulierum
1059 2208 1299 2282 indigne
1331 2205 1856 2280 violatist—quale
1893 2205 1961 2261 il-

207 2304 327 2372 lud,
365 2305 519 2379 quod
565 2306 625 2360 in
669 2304 880 2379 praeliis
927 2303 1155 2360 Latinis
1198 2303 1378 2358 toties
1424 2301 1613 2358 voluit
1660 2303 1959 2359 universas

206 2400 475 2476 extingui
520 2401 741 2466 domos,
780 2407 872 2455 tot
914 2400 1157 2456 fratrum
1206 2398 1425 2455 delevit
1467 2397 1772 2455 cohortes!
1841 2398 1961 2453 Ex—

208 2496 402 2571 emplo
433 2497 508 2552 sit
538 2496 754 2552 AEneas
783 2504 1025 2570 propter
1056 2494 1331 2551 Pallanta
1358 2495 1542 2550 iratus
1563 2490 1624 2549 b:

1095 2629 1307 2673 Sulmone
1329 2635 1497 2672 creatos

442 2703 647 2750 Quatuor
668 2702 739 2745 hic
754 2702 956 2759 juvenes,
978 2700 1163 2744 totidem
1188 2715 1299 2758 quos
1320 2699 1478 2743 educat
1496 2699 1655 2750 Ufens,

442 2774 653 2817 Viventes
675 2774 803 2830 rapit,
825 2773 1001 2817 inferias
1025 2787 1136 2830 quos
1158 2773 1357 2815 immolet
1378 2771 1564 2823 umbris,

445 2845 719 2903 Captivoque
739 2845 838 2902 rogi
859 2844 1095 2902 perfundat
1117 2844 1333 2901 sanguine
1353 2844 1571 2887 flammas.

212 2961 449 3036 Nempe
477 2961 594 3029 hic,
619 2969 686 3018 ut
717 2980 867 3035 saepe
897 2960 1055 3027 aliaS,
1081 2979 1286 3034 parum
1317 2966 1487 3015 atrox
1517 2959 1963 3035 miserandaque

208 3076 299 3113 res
335 3064 424 3113 est
457 3058 577 3114 visa
610 3056 918 3132 'Scriptori,
950 3057 1009 3112 ni
1041 3056 1249 3112 fratres
1289 3055 1484 3120 faciat,
1514 3055 1614 3129 qui
1655 3075 1772 3112 uno
1814 3058 1965 3131 peri-

211 3153 364 3208 erint
392 3153 642 3227 impetu.

219 3293 222 3297 ,
295 3244 568 3320 Denique
598 3248 670 3303 ad
704 3247 931 3303 luctum
963 3247 1180 3303 eximie
1211 3253 1349 3302 sunt
1373 3265 1442 3302 ea
1465 3253 1818 3320 comparata,
1839 3248 1966 3321 qui-

213 3342 320 3397 bus
362 3343 959 3416 saepissime'narrare
1006 3342 1155 3398 solet
1201 3342 1577 3398 morientium
1617 3361 1821 3417 genus,
1866 3362 1966 3417 pa-

392 3544 414 3567 ⁸
435 3538 547 3581 AEn.
573 3552 612 3581 2.
637 3549 737 3594 427.
1351 3535 1373 3565 b
1396 3536 1506 3578 Ibid.
1535 3550 1602 3579 10.
1627 3548 1727 3594 517.
