2288 4036
250 295 634 330 PRAEL.xxxvr1.
662 276 845 327 sentire
871 292 980 326 cum
1007 273 1226 334 rusticis,
1246 289 1342 322 non
1369 288 1478 322 cum
1504 268 1876 321 rusticantibus.
1907 270 2007 323 741

248 425 312 479 >in
358 423 536 478 animi
583 422 733 498 grati
788 419 1194 476 testimonium
1243 417 1536 473 addixisse
1582 434 1643 472 se
1685 414 2007 489 Virgilium

252 519 570 593 injucundo
615 518 818 584 labori,
864 522 1174 591 propterea
1210 514 1367 588 quod
1412 513 1674 588 Augusti
1721 512 2008 567 beneficio

251 618 576 672 retinuerat
609 614 788 672 Lares
826 621 887 670 et
923 613 1171 668 fundum
1218 630 1409 677 suum,
1443 629 1558 684 quo
1590 617 1858 683 tempore
1903 609 2013 664 mi-

252 713 453 770 litibus
483 713 606 788 ejus
639 711 971 768 Mantuana
1001 709 1215 784 praedia
1245 707 1676 763 dividebantur.
1768 705 1860 760 Ex
1891 724 2009 779 quo

251 810 516 874 efficitur,
566 807 729 864 nullo
782 825 1039 880 unquam
1089 812 1355 879 tempore
1405 803 1702 859 volentem
1757 821 2011 858 cessasse

254 907 501 963 Poetam
559 906 633 962 ab
692 903 907 980 agresti
966 902 1184 968 Μηδεὶς
1247 920 1321 957 ne
1379 907 1509 956 tum
1563 900 1821 973 quidem,
1874 918 2011 955 cum

251 1004 511 1060 maxime
542 1003 602 1057 in
632 1001 824 1057 aliena
854 1000 1051 1056 omnia
1083 1017 1145 1054 se
1176 997 1312 1054 ferri
1343 996 1578 1053 sineret.
1668 995 1862 1052 Immo
1893 1015 2013 1052 non

251 1100 425 1156 aliam
479 1099 553 1155 ob
601 1117 854 1163 causam,
900 1096 1090 1160 crede,
1133 1095 1451 1170 quidquam
1502 1101 1720 1168 praeter
1765 1113 1862 1149 rus
1910 1093 2014 1150 ali-

251 1196 484 1270 quando
537 1195 768 1260 cecinit,
818 1212 994 1267 quam
1045 1193 1170 1266 ipso
1225 1191 1373 1246 ruris
1432 1208 1650 1255 amore,
1697 1208 1812 1263 quo
1865 1191 2013 1246 adeo

252 1292 551 1369 flagrabat,
584 1303 650 1347 ut
680 1289 826 1346 nihil
857 1288 1194 1365 negandum
1231 1292 1469 1362 putaret
1500 1287 1573 1354 ei,
1604 1286 1694 1342 cui
1730 1288 2012 1361 sospitem

251 1379 509 1466 agellum
544 1388 767 1445 debuit.

337 1486 565 1544 Verum
612 1486 736 1541 haec
778 1504 869 1541 res
908 1484 1083 1540 latius
1129 1489 1314 1557 patet,
1345 1488 1525 1555 atque
1557 1499 1630 1536 ex
1664 1499 1748 1546 ea,
1783 1478 1948 1535 velut
1978 1498 2011 1536 e

250 1582 461 1657 eapite,
512 1580 644 1637 fluit..
695 1578 1131 1655 quodammodo
1186 1579 1376 1634 omnis
1427 1577 1613 1632 ferme
1660 1575 2011 1652 Virgilianae

254 1679 509 1734 Poeseos
539 1678 704 1734 ratio,
777 1676 877 1733 Ad
908 1695 1037 1732 eam
1070 1677 1270 1750 itaque
1300 1674 1686 1740 tractandam,
1718 1674 1763 1730 si
1799 1673 2011 1749 placet,

254 1777 457 1832 ordine
487 1783 548 1831 et
581 1776 672 1831 via
699 1775 1128 1850 aggrediamur.

340 1873 430 1928 Ae
474 1873 663 1946 primo
706 1872 946 1945 quidem
992 1869 1138 1925 illud
1192 1868 1552 1934 tenendum;
1605 1868 1823 1924 sentire
1869 1887 2009 1924 eum

254 1970 585 2045 mirandum
630 1970 688 2024 in
738 1967 982 2024 modum
1028 1986 1162 2023 cum
1210 1965 1483 2022 omnibus
1533 1973 1826 2039 quotquot
1874 1972 2012 2021 sunt

229 2051 537 2142 agricolis,
583 2084 775 2141 neque
815 2073 883 2121 ut
929 2083 1143 2140 magna
1188 2082 1318 2138 pars
1364 2063 1732 2137 scriptorum,
1770 2081 2014 2137 praeser-

253 2165 363 2219 tim
408 2163 822 2229 recentiorum,
859 2168 1083 2242 temere
1122 2159 1557 2234 quodammodo
1603 2167 1664 2215 et
1709 2161 1834 2216 sine
1879 2159 2012 2236 lege

254 2278 444 2316 errare
474 2259 616 2315 locis
649 2258 740 2315 vel
769 2258 1017 2314 horridis
1048 2257 1142 2313 vel
1172 2258 1434 2323 amoeniS,
1466 2265 1826 2330 quaerentem
1854 2258 2011 2332 quod

254 2357 433 2413 tacite
474 2356 823 2431 respondeat
867 2355 1046 2412 animi
1093 2355 1180 2410 sui
1225 2353 1652 2410 affectionibus.
1745 2353 2013 2410 Fuerunt

253 2453 530 2509 videlicet
581 2472 698 2508 non
751 2453 940 2527 pauci,
989 2453 1086 2526 qui
1139 2450 1433 2507 Naturam
1481 2470 1600 2506 non
1647 2449 1774 2507 aliis
1826 2451 2011 2507 ferme

254 2552 626 2606 intuerentur
679 2548 881 2613 oculiS,
929 2567 997 2604 ac
1056 2549 1102 2603 si
1155 2548 1283 2622 quis
1333 2546 1668 2603 Socraticus
1712 2546 1886 2603 solito
1931 2548 2013 2604 la-

254 2646 371 2702 tius
418 2644 884 2702 deambulaverit
932 2642 1088 2700 ultra
1133 2642 1354 2699 limites
1398 2641 1723 2709 Academi3
1778 2642 2008 2710 deinde,

254 2750 322 2799 ut
367 2742 557 2798 solent
602 2741 905 2818 ingeniosi,
947 2759 1223 2816 magnam
1276 2739 1731 2798 similitudinum
1782 2741 1900 2795 vim
1949 2741 2010 2796 in

253 2836 481 2894 scholas
530 2836 816 2894 retulerit.
906 2835 1104 2892 Aliter
1154 2835 1329 2912 longe
1379 2855 1447 2892 ac
1498 2836 1710 2893 melius
1764 2835 2006 2893 Noster.

255 2933 506 3008 Sapiunt
536 2934 661 3008 ejus
692 2933 951 2989 carmina
993 2951 1111 2988 non
1156 2932 1538 2988 rusticantem
1576 2933 1770 2996 mod0,
1804 2951 2009 2989 verum

254 3031 446 3104 ipsum
478 3030 654 3086 etiam
688 3049 748 3085 re
778 3048 846 3085 ac
877 3030 1128 3085 veritate
1166 3028 1469 3085 rusticum.
1560 3027 1800 3095 Videte,
1833 3049 2011 3103 quam

255 3126 418 3182 nullo
458 3127 697 3203 negotio
742 3133 936 3182 sumat
980 3126 1090 3182 sibi
1131 3127 1192 3180 in
1231 3124 1528 3182 Bucolicis
1574 3132 1769 3199 partes
1811 3127 2010 3182 unius-

255 3222 536 3296 cujusque
568 3221 896 3279 Pastorum.
985 3220 1131 3289 Quae
1162 3221 1315 3277 forte
1346 3228 1654 3278 occurrant
1699 3228 1905 3278 tenero
1942 3240 2010 3278 ao

257 3319 413 3376 dulc-i
458 3339 616 3386 son0‚
662 3339 731 3376 ea
777 3339 895 3376 non
939 3320 1025 3375 ita
1067 3320 1299 3394 repetit,
1340 3326 1408 3375 ut
1456 3319 1690 3376 duriora
1724 3318 2009 3393 quaelibet

256 3416 527 3473 omittat:
573 3417 756 3472 immo
795 3416 1123 3472 universam
1172 3417 1489 3491 agrestium
1537 3416 1738 3482 vitam,
1772 3415 2008 3490 qualem

256 3513 435 3578 novit,
468 3512 771 3569 lubentem
810 3531 871 3568 se
902 3512 1167 3587 accipere
1198 3512 1518 3588 significat:
1564 3531 1736 3586 porro
1767 3530 1841 3568 ne
1872 3531 2011 3568 con-

259 3609 406 3664 vicia
429 3608 666 3682 quidem
693 3608 983 3666 Damoetae
1014 3610 1209 3665 nescio
1240 3609 1405 3683 cujus
1429 3628 1495 3664 ac
1531 3607 1821 3664 Menalcae
1853 3627 2025 3664 care--
