2288 4036
218 283 371 316 PRAEL.
391 281 570 314 xxxrx,
588 262 881 331 praesertim
900 261 1032 330 quod
1046 261 1119 312 ad
1136 261 1428 330 Inferorum
1439 276 1621 328 poenas
1639 260 1829 313 attinet.
1860 263 1964 319 797

405 414 415 422 ”
452 402 619 445 Inclusi
640 417 818 458 poenam
838 408 1095 459 expectant:
1129 416 1184 444 ne
1206 416 1354 459 quaere
1376 400 1524 445 doceri

451 473 600 522 Quam
621 489 815 531 poenam,
838 481 915 517 aut
936 488 1036 532 quae
1056 474 1200 517 forma
1219 474 1338 517 viros
1360 473 1511 517 fortun
1520 488 1599 517 ave
1619 474 1786 517 mersit.

217 567 544 634 Videtisne,
593 587 708 642 quo
752 575 935 635 metu,
982 587 1158 642 quam
1198 568 1470 644 religiosa
1513 568 1831 624 formidine
1875 587 1963 623 re-

214 664 429 739 fugerit
462 664 664 731 Poeta,
697 664 870 720 simul
902 666 969 721 ad
1014 683 1083 721 ea.
1113 672 1356 720 ventum
1387 663 1580 730 fuerit,
1612 684 1746 739 quae
1775 664 1963 740 plera-

214 780 328 835 que
359 761 637 817 divinitus
676 760 850 818 celari
891 761 1296 817 intellexerit?
1340 759 1718 818 AEternitatis
1757 769 1959 818 autem

213 858 310 931 qui
342 857 519 914 fuerit
549 857 635 914 illi
666 876 886 924 senSUS,
920 858 1137 914 indicio
1162 859 1277 914 sint
1309 877 1378 914 ea
1409 877 1538 933 quae
1570 859 1643 914 de
1667 859 1958 917 moenibus

208 953 388 1010 habet
418 953 775 1011 formidolosi
806 954 962 1012 illius
993 955 1238 1012 carceris
1267 962 1307 1010 ὃ.

442 1066 575 1110 Porta
595 1066 791 1119 adversa,
814 1068 988 1125 ingens,
1011 1066 1239 1126 solidoque
1261 1067 1492 1111 adamante
1514 1069 1748 1119 columnae,

443 1140 524 1182 Vis
546 1147 597 1183 ut
617 1142 739 1184 nulla
758 1141 919 1192 virum,
942 1155 1034 1184 non
1055 1140 1140 1197 ipsi
1160 1139 1415 1184 exscindere
1436 1140 1551 1183 ferro

445 1210 662 1256 Caelicolae
683 1213 870 1256 valeant.

207 1306 344 1363 Non
389 1327 504 1382 quo
548 1308 699 1364 ullos
744 1310 1042 1383 putaverit
1086 1309 1367 1365 terminos
1411 1308 1549 1383 poni
1593 1307 1954 1382 Superorum

203 1405 506 1478 potentiae,
538 1406 639 1461 sed
669 1406 926 1462 indicare
955 1404 1160 1471 voluit,
1189 1405 1380 1471 credO,
1414 1405 1533 1460 vim
1566 1423 1633 1460 ac
1663 1405 1953 1460 rationem

201 1499 386 1556 futuri
433 1502 728 1577 temporis,
774 1502 1045 1558 immensi
1088 1500 1262 1576 plane
1302 1499 1596 1575 nullisque
1641 1519 1716 1556 ne
1751 1519 1785 1556 a
1822 1500 1952 1557 Diis

204 1597 442 1671 quidem
494 1597 779 1656 limitibus
838 1598 1394 1655 circumscribendi:
1463 1597 1676 1653 deinde
1735 1596 1953 1673 signifi-

203 1695 374 1763 cavit,
412 1715 548 1752 cum
579 1715 649 1752 eo
688 1715 922 1772 prorsus
953 1696 1164 1771 aequari
1195 1695 1611 1752 sceleratorum
1646 1693 1948 1769 supplicia.

203 1791 575 1850 Sententiam
627 1813 756 1851 eam
804 1793 1126 1850 Platonicis
1177 1812 1314 1850 cum
1365 1792 1568 1868 primis
1616 1794 1946 1860 convenire,

200 1889 494 1967 intelliget
546 1893 645 1966 qui
698 1891 859 1948 volet
917 1891 1076 1947 adire
1128 1890 1222 1947 vel
1276 1889 1584 1946 Πολιτείαν
1637 1889 1761 1964 ejus
1810 1889 1949 1946 Phi-

199 1986 445 2062 losophi,
493 1988 587 2045 vel
639 2007 877 2045 aureum
927 1987 1094 2044 illum
1149 1987 1364 2043 librum
1416 1986 1512 2060 qui
1566 1984 1814 2061 Gorgias
1858 1987 1946 2042 in-

197 2085 486 2141 scribitur.
576 2086 693 2142 Sed
725 2104 831 2142 nos
872 2085 984 2143 hoc
1014 2092 1281 2159 tempore
1311 2102 1428 2138 non
1459 2090 1583 2139 tam
1616 2082 1944 2162 quaerimus,

196 2182 338 2254 quid
397 2182 470 2238 de
520 2183 694 2238 rebus
751 2182 891 2257 ipsis
943 2181 1246 2246 senserint,
1309 2197 1484 2254 quam
1541 2198 1658 2253 quo
1706 2178 1944 2253 pudore,

196 2295 311 2351 qua
361 2279 706 2345 reverentia,
766 2278 944 2334 fuerit
1011 2277 1083 2332 ad
1145 2294 1242 2332 eas
1299 2282 1551 2349 uterque
1622 2291 1943 2350 aggressus.

198 2372 490 2430 Novimus
534 2381 751 2440 autem,
797 2373 961 2430 nulla
1002 2373 1189 2448 magis
1228 2373 1289 2427 in
1330 2371 1576 2427 materie
1616 2370 1944 2445 periculum

194 2470 318 2525 fieri
364 2469 521 2527 illius
565 2471 818 2545 pudoris,
869 2489 1046 2544 quam
1091 2469 1192 2525 ubi
1238 2469 1311 2524 de
1356 2467 1569 2524 Inferis
1613 2475 1703 2524 est
1748 2467 1945 2542 dispu-

194 2567 459 2634 tandum,
481 2573 542 2623 et
572 2567 646 2623 de
669 2566 881 2623 ultima
900 2566 1162 2622 omnium
1184 2564 1528 2620 formidine:
1572 2582 1688 2638 quo
1712 2563 1943 2638 dignior

194 2661 270 2717 sit
315 2661 474 2717 omni
515 2660 689 2717 laude
719 2659 1019 2737 Virgilius,
1061 2661 1160 2735 qui
1204 2662 1302 2735 pia
1340 2659 1592 2734 quadam
1629 2659 1942 2733 prudentia

190 2756 336 2813 nihil
390 2758 575 2813 ferme
626 2757 699 2813 de
757 2776 863 2813 suo
922 2757 1213 2813 addiderit
1260 2757 1514 2831 antiquis
1573 2756 1645 2811 de
1696 2754 1939 2811 infando

192 2872 421 2910 carcere
473 2854 745 2929 auguriiS,
794 2853 895 2909 sed
941 2853 1147 2909 eadem
1208 2854 1385 2909 modo
1445 2852 1755 2917 ornaverit,
1809 2870 1937 2926 quae

189 2951 459 3006 noverint
489 2968 692 3006 omnes
722 2950 781 3005 in
814 2948 1023 3025 vulgus
1055 2949 1225 3005 tradi.

272 3045 502 3103 Verum
532 3064 607 3101 ne
636 3046 696 3100 in
737 3044 979 3120 singulis
1021 3063 1334 3111 moremur,
1365 3043 1527 3100 illam
1558 3045 1777 3118 ubique
1807 3062 1937 3101 sen-

187 3141 436 3197 tentiam
478 3148 670 3198 servat
711 3142 784 3198 de
819 3141 1103 3217 religiosis
1144 3149 1206 3199 et
1246 3142 1484 3199 aeternis
1519 3141 1709 3207 rebus,
1757 3159 1934 3214 quam

185 3235 309 3309 ipse
327 3254 432 3309 per
450 3234 794 3313 Allegorian
815 3238 1107 3311 quandam
1128 3239 1201 3294 de
1215 3237 1440 3313 Sibylla
1459 3237 1818 3294 vaticinante
1834 3238 1935 3293 do-

185 3332 326 3386 cuit.
399 3331 635 3408 Nempe
672 3333 733 3388 in
769 3334 1143 3408 proverbium
1174 3334 1296 3390 fere
1336 3333 1608 3390 abierunt
1639 3332 1778 3388 folia
1808 3333 1934 3406 ejus

183 3426 393 3485 divinis
430 3429 783 3486 carminibus
826 3429 1125 3505 inscripta,
1165 3436 1460 3505 ventoque
1500 3429 1615 3485 huc
1655 3428 1797 3485 illuc
1834 3447 1934 3485 vo-

878 3596 901 3619 a
921 3590 1032 3633 AEn.
1056 3590 1097 3634 6.
1121 3602 1223 3648 552.
