2288 4036
235 288 612 321 PRAEL.xxxvl1.
652 270 904 339 Exempla
934 269 1229 338 Viryiliana
1253 269 1317 319 de
1343 266 1527 319 vitibus
1551 267 1840 318 educandis.
1883 269 1987 320 753

324 413 482 470 Hinc
532 433 601 470 ea
651 413 918 488 plurima,
971 432 1103 487 quae
1159 413 1430 469 tribuunt
1488 412 1709 468 eisdem
1758 412 1984 486 justam

229 511 409 567 etiam
439 510 778 585 reipublicae
809 510 1058 567 formam
1076 517 1125 564 x·

463 622 579 667 Solae
600 637 859 667 communes
880 630 1024 674 natos,
1048 621 1271 666 consortia
1290 628 1407 665 tecta

463 694 600 738 Urbis
621 694 802 746 habent,
823 695 1088 753 magnisque
1108 694 1277 751 agitant
1300 693 1385 737 sub
1406 693 1581 752 legibus
1605 709 1766 745 aevum,

459 767 518 810 Et
538 766 725 823 patriam
747 767 852 810 solae
875 773 918 810 et
938 774 1081 810 certos
1102 781 1264 811 novere
1286 765 1488 810 Penates.

226 867 386 926 Hinc
414 869 710 944 popularis
741 870 814 926 de
843 869 1007 944 prole
1038 888 1240 926 eorum
1273 870 1566 926 sententia
1585 877 1610 915 y
1631 890 1644 926 ε

576 975 692 1033 Ipsae
713 991 737 1019 e
756 975 872 1019 foliis
894 983 1022 1020 natos
1043 984 1086 1020 et
1107 976 1319 1021 suavibus
1341 977 1490 1021 herbis

457 1047 548 1092 Ore
567 1049 750 1106 legunt:
782 1048 890 1105 ipsae
912 1063 1061 1106 regem
1082 1063 1329 1107 parvosque
1352 1048 1547 1096 Quirites

457 1119 707 1164 Sufficiunt.

222 1213 687 1271 Festivissimum
725 1215 990 1290 profecto
1022 1215 1188 1283 illud,
1221 1235 1338 1272 uno
1369 1216 1510 1272 licet
1541 1217 1717 1273 verbo
1749 1218 1824 1273 sit
1855 1218 1974 1274 dic-

217 1318 363 1377 tum,
397 1308 670 1382 Quirites.
759 1312 933 1380 Quod
974 1319 1193 1379 autem,
1223 1332 1287 1369 re
1316 1313 1464 1369 adeo
1494 1315 1680 1380 tenui,
1710 1314 1973 1371 solennia

215 1406 393 1462 verba
437 1406 739 1463 transtulit
776 1409 849 1464 de
888 1407 1040 1464 Foro
1072 1407 1361 1475 RomanO,
1393 1408 1467 1464 de
1511 1427 1719 1484 campo
1760 1418 1821 1466 et
1866 1412 1969 1467 tri-

215 1500 430 1567 bunali,
480 1502 680 1579 tetigit
727 1503 971 1560 fortasse
1024 1502 1256 1559 civilem
1313 1521 1551 1560 suorum
1599 1505 1968 1578 jactantiam,

212 1597 365 1653 sicut
408 1599 568 1672 prius
613 1600 674 1655 in
724 1599 962 1656 Martiis
1013 1599 1128 1656 illis
1180 1600 1461 1656 bellicum
1511 1601 1779 1657 ardorem
1841 1620 1970 1676 per-

211 1693 542 1750 strinxerat.

294 1787 493 1865 Atque
533 1811 643 1867 ego
690 1793 1045 1848 sententiam
1093 1793 1244 1850 hanc
1292 1795 1623 1850 universam
1664 1795 1749 1851 ita
1782 1794 1964 1850 tribui

211 1884 388 1940 velim
439 1886 651 1963 insigni
699 1887 916 1953 Poetae,
963 1895 1030 1943 ut
1080 1889 1326 1945 minime
1377 1890 1719 1946 confirmem
1769 1891 1963 1965 ipsum

207 1982 442 2056 penitus
472 1982 850 2049 intellexisse,
883 2003 998 2059 quo
1029 1986 1323 2060 pertineat
1363 2006 1450 2054 ea,
1482 2005 1658 2061 quam
1699 1986 1819 2043 late
1863 2006 1963 2062 pa-

206 2082 348 2132 teat.
437 2076 597 2145 Quin
640 2078 923 2135 instinctu
956 2081 1210 2154 quodam
1240 2081 1543 2157 tacitoque
1575 2082 1830 2157 pectoris
1859 2101 1961 2138 au-

202 2173 389 2247 gurio,
420 2180 488 2229 ut
517 2173 688 2230 multi
722 2175 925 2243 multa,
957 2176 1038 2232 sic
1068 2176 1170 2233 illa
1207 2176 1490 2253 Virgilius
1530 2196 1636 2253 pro
1672 2185 1956 2253 tempore,

203 2276 270 2324 ut
301 2270 549 2338 videtur,
580 2270 824 2329 effudit:
871 2273 1050 2330 etiam
1082 2274 1142 2329 in
1172 2274 1284 2330 hoc
1314 2274 1701 2351 agricolarum
1732 2275 1956 2343 similis,

202 2364 353 2438 siqui
396 2365 689 2423 habentur
719 2368 1086 2427 solertiores:
1132 2390 1269 2427 nam
1301 2380 1362 2428 et
1401 2372 1611 2428 horum
1657 2391 1955 2430 sermones

200 2478 318 2516 non
348 2480 476 2518 raro
506 2461 639 2537 plus
669 2464 903 2539 sapiunt
934 2484 1109 2540 quam
1141 2467 1250 2542 ipsi
1281 2466 1567 2525 homines.

284 2554 416 2612 Erit
458 2556 720 2627 fortasse,
761 2561 859 2634 qui
904 2561 965 2616 in
1007 2560 1160 2618 hanc
1204 2580 1329 2618 rem
1376 2563 1589 2620 adduci
1629 2563 1791 2631 velit,
1823 2583 1951 2638 quae

197 2659 478 2727 praeterea
518 2654 591 2710 de
622 2655 839 2713 vitibus
879 2657 1198 2716 educandis
1238 2659 1442 2716 sedulo
1485 2659 1748 2735 praecipit
1791 2660 1949 2716 idem

198 2750 502 2828 Virgilius,
555 2753 772 2828 quippe
824 2755 923 2830 qui
974 2756 1226 2832 viguerit
1285 2775 1425 2814 cura
1482 2756 1766 2833 cultuque
1824 2766 1947 2814 tam

194 2847 466 2904 arborum
514 2868 690 2924 quam
741 2851 1147 2918 animantium,
1197 2860 1257 2909 et
1308 2854 1368 2908 in
1414 2872 1484 2910 ea
1527 2873 1762 2929 quoque
1815 2874 1947 2929 pro-

195 2942 385 3000 vincia
426 2944 671 3001 mirifice
702 2966 837 3003 cum
869 2947 1091 3005 colonis
1120 2951 1384 3006 senserit.
1470 2950 1565 3006 De
1595 2950 1827 3018 vitibus,
1858 2952 1945 3006 in-

192 3057 385 3113 quam,
416 3040 623 3098 eadem
652 3061 850 3118 prope,
878 3063 1011 3119 quae
1043 3044 1116 3101 de
1135 3045 1422 3120 juvencis,
1455 3046 1645 3103 caveri
1665 3045 1842 3121 jubet
1860 3053 1900 3101 Ζ.

426 3159 642 3203 Exuerint
664 3161 924 3218 sylvestrem
947 3162 1146 3214 animum,
1165 3164 1375 3223 cultuque
1396 3164 1629 3223 frequenti,

425 3232 480 3274 In
501 3247 789 3290 quascunque
809 3247 940 3278 voces
962 3241 1093 3287 artes,
1115 3235 1237 3280 haud
1259 3237 1389 3280 tarda
1411 3246 1667 3296 sequentur.

422 3302 489 3345 Ac
511 3302 620 3346 dum
641 3303 783 3359 prima
802 3305 929 3348 novis
949 3305 1184 3350 frondibus
1205 3315 1327 3360 aetas,

422 3372 700 3417 Parcendum
720 3376 881 3419 teneris
888 3409 1162 3422 ..........

422 3443 532 3488 Inde
554 3445 632 3489 ubi
646 3446 739 3502 jam
759 3447 914 3491 validis
936 3450 1148 3506 amplexae
1170 3450 1381 3507 stirpibus
1403 3453 1552 3496 ulmos

244 3596 269 3618 ¹
297 3589 452 3646 Georq.
476 3607 518 3645 4.
546 3605 642 3650 153.
895 3604 919 3633 y
940 3597 1052 3639 Ibid.
1076 3613 1115 3651 4.
1142 3612 1240 3641 200.
1500 3608 1519 3630 z
1543 3601 1653 3644 Ibid.
1680 3616 1719 3645 2.
1744 3613 1815 3655 51.

1020 3677 1055 3728 3
1088 3690 1121 3728 c
