2288 4036
177 167 286 224 776
509 167 663 218 Locos
689 166 881 236 iqnotos
910 165 1136 235 ffnyere
1161 162 1260 216 sibi
1287 162 1524 215 homines.
1567 181 1979 218 PRAEL.XXXV111.

265 311 407 370 Jam
448 317 656 369 autem
699 308 1023 367 formulam
1069 316 1338 367 nostram
1371 309 1446 366 de
1477 308 1820 366 nominibus
1850 315 1982 366 ten-

177 419 377 469 temus
409 412 472 468 in
505 410 772 468 carmine
803 407 1076 485 paullum
1107 408 1183 466 ab
1214 408 1307 466 his
1339 408 1575 466 diverso
1598 417 1660 465 ¹¹¹.

668 554 810 599 Hunc
831 554 950 612 legio
971 554 1060 598 late
1082 553 1324 598 comitatur
1345 553 1560 611 agrestis:

429 630 612 689 Quique
634 630 777 684 altum
800 628 1030 672 Praeneste
1051 628 1151 680 viri,
1176 627 1344 687 quique
1365 642 1471 672 arva
1493 627 1684 672 Gabinae

423 702 452 747 J
456 702 639 755 unonis,
663 701 956 761 gelidumque
978 700 1217 753 Anienem,
1241 707 1285 745 et
1306 700 1484 745 roscida
1503 700 1611 745 rivis

428 776 629 822 Hernica
651 791 758 822 saxa
780 777 936 821 colunt
949 795 963 828 3
998 791 1129 835 quos,
1154 775 1279 820 dives
1301 775 1526 835 Anagnia,
1550 775 1712 834 pascis,

426 850 572 904 Quos,
596 850 824 895 Amasene
848 849 995 895 Pater.

183 975 444 1033 Nullum
475 975 602 1033 haec
635 976 955 1054 praecipue,
977 976 1138 1053 quod
1171 977 1373 1043 sciam,
1398 975 1685 1034 affectum
1716 976 1984 1052 sapiunt:

180 1076 282 1134 sed
319 1094 516 1151 neque
542 1073 873 1153 Virgilium
909 1082 1074 1133 certo
1106 1075 1327 1134 scimus
1357 1074 1475 1133 illis
1506 1075 1849 1153 regionibus
1880 1095 1983 1132 un-

179 1192 361 1250 quam
407 1173 669 1232 adfuisse
697 1195 708 1233 :
763 1175 1158 1251 pertinebunt
1195 1175 1402 1251 itaque
1432 1175 1474 1232 ii
1506 1193 1711 1233 versus
1740 1175 1816 1233 ad
1849 1173 1989 1232 ulti-

179 1293 350 1331 mum
398 1273 651 1332 fortasse
695 1294 887 1353 genus
934 1294 1144 1332 eorum
1183 1294 1314 1351 quae
1361 1274 1660 1343 diximus3
1705 1274 1810 1332 ubi
1856 1273 1988 1332 loca

182 1374 453 1432 nondum
488 1375 613 1433 visa
643 1374 883 1454 fingunt
915 1374 1027 1433 sibi
1059 1375 1378 1451 scriptores
1414 1379 1597 1449 atque
1629 1374 1987 1442 deformant,

182 1476 308 1533 sive
354 1475 430 1532 ad
477 1493 616 1532 eum
650 1492 832 1551 quem
870 1474 1033 1532 fama
1073 1480 1466 1551 exceperunt,
1497 1473 1830 1541 modulum,
1863 1475 1988 1532 sive

183 1574 260 1632 ad
292 1574 624 1653 imaginem
654 1573 919 1650 aliquam
950 1574 1113 1632 intus
1133 1593 1375 1650 quoquo
1407 1572 1588 1630 modo
1613 1580 1987 1650 conceptam.

186 1672 435 1731 Etenim
467 1693 607 1732 cum
639 1672 877 1732 tabulas
907 1673 1057 1742 illas,
1091 1692 1237 1750 quas
1270 1672 1719 1751 Geographicas
1751 1680 1988 1741 vocant,

181 1773 549 1851 inspicimus,
599 1774 803 1850 nescio
856 1773 1160 1850 quomodo
1210 1773 1627 1851 excogitamus
1674 1773 1988 1831 nobiscum

183 1873 502 1952 regionum
540 1893 662 1932 non
702 1874 886 1932 modo
919 1873 1069 1932 situs
1101 1880 1164 1932 et
1195 1871 1528 1941 intervalla,
1563 1891 1772 1930 verum
1805 1873 1991 1932 etiam

185 1973 431 2043 colores,
465 1975 843 2043 eminentiaS,
876 1993 1163 2042 recessus,
1197 1980 1259 2032 et
1292 1974 1462 2050 siqua
1502 1972 1620 2032 alia
1658 1973 1990 2050 pictoribus

182 2079 324 2130 sunt
370 2074 431 2130 in
477 2072 743 2131 deliciis:
791 2081 975 2150 atque
1011 2075 1074 2131 in
1116 2093 1188 2132 ea
1228 2092 1292 2131 re
1333 2093 1455 2131 non
1499 2092 1729 2150 parum,
1762 2073 1990 2150 opinor,

181 2172 451 2249 adjuvari
484 2172 749 2231 solemus
782 2172 970 2231 tacita
1001 2179 1065 2231 et
1096 2193 1261 2231 coeca
1291 2171 1681 2231 familiarium
1719 2171 1990 2230 locorum

183 2272 622 2330 recordatione.
716 2271 1020 2330 Praeterea
1066 2274 1169 2349 qui
1215 2279 1403 2330 noctu
1449 2273 1567 2330 iter
1611 2273 1857 2339 faciunt,
1903 2273 1992 2351 ig-

184 2372 344 2429 notis
377 2371 506 2440 viis,
540 2371 676 2429 luce
708 2370 806 2430 vel
838 2371 1023 2429 dubia
1053 2371 1150 2430 vel
1184 2371 1363 2449 plane
1408 2372 1591 2440 nulla,
1623 2392 1745 2430 non
1786 2379 1993 2431 tamen

185 2478 425 2530 cessant
459 2470 820 2548 plerumque
852 2471 1201 2548 conjectura
1241 2472 1565 2530 informare
1609 2471 1724 2530 sibi
1764 2470 1991 2549 effigies

186 2570 527 2640 fluminum,
563 2570 942 2649 oppidorum,
975 2572 1297 2642 montium,
1330 2590 1480 2648 quos
1525 2571 1734 2630 ordine
1779 2590 1842 2629 se
1887 2590 1993 2628 no-

186 2679 328 2730 runt
360 2691 724 2748 percurrere,
751 2671 939 2730 oculis
964 2672 1067 2729 vix
1099 2678 1162 2729 et
1193 2691 1271 2729 ne
1303 2672 1407 2729 vix
1440 2671 1685 2748 quidem
1717 2679 1990 2729 cernunt.

188 2770 331 2828 Jam
375 2770 452 2829 ab
498 2770 740 2829 illorum
780 2789 960 2829 causa
1003 2790 1126 2828 non
1171 2769 1437 2828 multum
1483 2770 1691 2828 abesse
1737 2769 1994 2828 dixerim

188 2869 569 2948 voluptatem
593 2890 744 2939 eam,
767 2890 949 2947 quam
973 2871 1221 2947 capiunt
1246 2870 1581 2928 carminum
1606 2889 1712 2929 seu
1735 2868 1993 2929 lectores

189 2971 315 3029 sive
362 2971 699 3048 scriptoreS‚
732 2971 970 3048 quoties
1009 2971 1217 3029 ordine
1258 2977 1399 3030 sunt
1444 2970 1818 3029 numeranda
1862 2968 1994 3027 loca

189 3069 358 3128 nullo
389 3091 659 3148 unquam
701 3078 976 3148 tempore
1009 3070 1198 3129 oculis
1240 3071 1529 3148 subJecta.
1622 3068 1995 3127 Mutuantur

191 3168 303 3226 sibi
344 3188 451 3245 pro
488 3188 553 3226 re
594 3176 738 3228 nata
769 3170 1024 3228 formam
1058 3170 1396 3247 faciemque
1443 3170 1519 3228 ab
1559 3168 1775 3227 amatis
1806 3168 1992 3225 notis-

191 3287 308 3343 que
353 3268 733 3346 regionibus;
788 3271 1070 3346 varieque
1116 3270 1551 3347 componend0‚
1598 3274 1818 3345 putant
1863 3285 1992 3326 sese

192 3387 410 3425 novam
442 3366 703 3445 aliquam
738 3370 998 3446 speciem
1033 3369 1335 3448 effingere.
1401 3368 1565 3428 Hinc
1597 3367 1701 3427 illa
1732 3368 1806 3426 de
1840 3366 1990 3434 Diis,

909 3615 945 3638 m
970 3609 1085 3653 AEn.
1112 3618 1152 3666 7.
1178 3608 1281 3652 681.
