2288 4036
419 198 533 250 510
716 199 1026 253 Recentiora
1051 200 1199 270 tanyi
1224 218 1260 253 a
1287 198 1527 253 Pindaro
1552 198 1830 254 obscurius.
1907 220 2068 255 PRAEL.
2088 221 2221 255 xxv.

419 341 712 399 honorem
742 340 1101 419 Thrasybuli
1133 342 1485 404 confectos?
1556 343 1802 423 Nempe
1831 346 1967 404 urbi
1998 347 2125 424 ejus
2154 367 2223 406 ac

416 439 600 498 domo
633 442 853 499 servari
886 441 972 499 ait
1002 441 1066 498 in
1104 441 1235 518 ipso
1266 440 1571 519 Apollinis
1615 445 1800 523 adyto
1831 446 2068 523 copiam
2098 466 2225 505 car-

418 537 655 595 minum
686 537 854 596 nulla
883 537 1231 597 calamitate
1261 539 1584 600 delendam
1603 551 1648 600 Ρ.

782 661 1043 707 Πυθιόνικος
1064 660 1150 707 ἕνθ’
1175 659 1401 717 ὀλβίοισιν
1420 663 1699 724 Ἐμμενίδαις

779 734 972 793 ποταμίᾳ
993 734 1030 779 τ’
1050 734 1314 796 Ἀκράγαντι
1336 738 1406 782 καὶ
1428 740 1515 796 μὰν
1537 740 1795 800 Ξενοκράτει

782 807 958 866 ἕτοιμος
977 807 1122 867 ὕμνων

782 882 1009 941 θησαυρὸς
1030 883 1076 929 ἐν
1095 884 1374 947 πολυχρύσῳ

779 955 1065 1017 Ἀπολλωνίᾳ
1085 958 1355 1019 τετείχισται
1377 960 1503 1019 νάπᾳ·

781 1032 863 1076 τὰν
884 1034 985 1077 οὕτε
1006 1032 1230 1091 χειμέριος
1251 1031 1420 1092 ὄμβρος
1441 1033 1628 1081 ἐπακτὸς
1650 1033 1808 1087 ἐλθών,

786 1104 1029 1164 ἐριβρόμου
1051 1106 1246 1166 νεφέλας

783 1180 979 1237 στρατὸς
997 1178 1245 1240 ἀμείλιχος,
1269 1179 1357 1226 οὔτ’
1381 1179 1531 1239 ἄνεμοι
1553 1180 1598 1228 ἐς
1618 1179 1786 1240 μυχοὺς

779 1252 893 1300 ἁλὸς
913 1253 1065 1311 ἄξοισι
1086 1255 1311 1317 παμφόρῳ
1332 1256 1491 1315 χεράδι

780 1329 1062 1387 τυπτόμενοι.

419 1440 543 1511 Qui
576 1460 798 1509 versu&
831 1443 1013 1501 modo
1052 1444 1131 1502 sit
1170 1443 1493 1522 auguranti
1526 1444 1717 1512 venia,
1750 1443 2037 1502 videntur
2079 1442 2229 1501 mihi

419 1539 718 1616 respicere
751 1541 1056 1618 jacturam
1101 1541 1597 1619 aliquam,-quam
1628 1540 1734 1599 illo
1765 1547 2042 1618 tempore
2072 1541 2232 1600 fece-

420 1639 543 1697 rint
565 1638 959 1718 Agrigentini
989 1641 1310 1719 principeS‚
1335 1641 1394 1699 vi
1418 1647 1740 1699 ventorum
1771 1639 1870 1698 vel
1901 1659 2228 1718 aquarum:

420 1737 623 1815 qualia
666 1738 981 1816 complura
1023 1747 1344 1799 narrantur
1375 1740 1451 1798 de
1491 1739 1669 1798 litore
1702 1738 1981 1798 SicelicO.
2072 1739 2234 1797 Con-

408 1836 660 1913 jicimus
705 1844 872 1897 certe
918 1837 1269 1908 Pindarum,
1316 1859 1439 1897 non
1483 1837 1693 1907 semel,
1731 1838 2043 1897 obscurius
2075 1835 2233 1915 (quae

420 1942 552 1994 erat
596 1938 725 2015 ejus
768 1938 1118 2016 prudentia)
1153 1938 1427 2017 tetigisse
1464 1957 1559 1996 res
1597 1956 1784 2016 prope
1820 1956 1886 1996 se
1917 1937 2015 1995 vel
2045 1938 2233 1995 etiam

420 2053 625 2093 coram
666 2054 731 2094 se
760 2042 996 2114 gestas:
1043 2037 1376 2114 praesertim
1408 2037 1456 2095 si
1487 2036 1634 2114 quid
1665 2035 2018 2094 invidiosius
2047 2035 2232 2095 fuerit

423 2133 522 2192 vel
557 2134 849 2204 acerbiUS‚
883 2155 1066 2212 quam
1098 2136 1261 2213 quod
1292 2136 1421 2194 sine
1450 2134 1731 2194 molestia
1766 2142 1971 2213 posset
2007 2136 2231 2213 apertis

420 2233 716 2293 declarari
765 2235 982 2293 verbis,
1080 2234 1367 2313 Exempli
1417 2235 1627 2313 gratia,
1674 2234 1977 2294 Cleandro
2025 2241 2233 2314 gratu-

424 2332 554 2392 lans
585 2334 904 2394 victoriam
934 2341 1212 2412 tempore
1243 2333 1446 2393 luctus
1475 2341 1732 2411 partam,

697 2472 745 2515 ἐκ
764 2472 985 2530 μεγάλων,
1007 2471 1206 2531 inquitq‚
1228 2470 1421 2517 πενθέων
1440 2468 1662 2523 λυθέντες,
1684 2468 1782 2529 μῆτ’
1807 2469 1853 2516 ἐν
1873 2470 2066 2531 ὀρφανίᾳ
2085 2468 2232 2517 πέσω-

754 2563 835 2600 μεν
857 2544 1112 2602 στεφάνων,

695 2616 806 2676 μήτε
827 2618 960 2663 κάδεα
981 2616 1211 2677 θεράπευε.

422 2733 747 2815 Ὀρφανίαν
780 2733 1130 2812 appellavit,
1173 2739 1431 2792 “carere
1475 2732 1680 2811 palma
1699 2733 1747 2792 :⁹⁹
1794 2752 1925 2810 quae
1962 2752 2084 2791 vox
2129 2732 2234 2792 ha-

422 2831 531 2890 bet
589 2833 803 2909 utique
861 2831 1236 2900 memoriam‚
1290 2829 1436 2889 licet
1495 2830 1910 2900 occultiorem,
1966 2831 2233 2909 parentis

422 2930 645 2989 amissi⁴
738 2929 861 2988 Sed
891 2931 968 2989 ad
998 2949 1129 2989 rem
1158 2930 1494 2990 redeamus.

514 3029 800 3089 Diximus
830 3036 966 3089 tum
997 3032 1074 3090 de
1106 3030 1300 3109 epulis
1328 3031 1738 3109 gymnasticiS,
1759 3036 1894 3088 tum
1919 3030 1995 3088 de
2025 3036 2233 3107 poeta-

423 3150 560 3188 rum
606 3131 1051 3208 praedicatione.
1143 3130 1306 3189 Satis
1336 3137 1544 3189 autem
1580 3130 1644 3187 in
1683 3136 1942 3206 utraque
1979 3129 2233 3187 materie

422 3230 747 3289 convenire
804 3231 930 3288 visa
980 3236 1075 3289 est
1126 3229 1362 3289 indoles
1414 3229 1733 3289 Pindarica
1783 3248 1924 3287 cum
1975 3227 2236 3287 athleta-

424 3346 561 3385 rum
601 3327 819 3385 stud-iis
866 3334 932 3386 et
976 3327 1200 3387 indole.
1290 3328 1503 3387 Addat
1548 3327 1802 3385 fortasse
1846 3325 2063 3404 aliquis
2100 3343 2232 3390 ‘non

665 3545 691 3576 Ρ
724 3535 928 3595 Pytlu6.
950 3548 996 3596 5.
1610 3544 1634 3575 11
1666 3535 1820 3580 Lsthm.
1847 3545 1889 3594 7.
1918 3548 1988 3579 11.
