2288 4036
343 191 455 247 542
630 198 681 249 Α
674 197 948 266 fferuntur
973 204 1074 250 tres
1100 215 1290 260 corusce,
1318 215 1412 250 our
1439 197 1721 252 Pindarus
1795 218 2148 254 PRAEL.XXV11.

345 340 599 400 Habent
624 341 760 402 haec
792 341 1136 400 libertatem
1176 343 1427 400 minime
1459 345 1966 403 contemnendam
1994 366 2006 404 z
2057 354 2150 424 ty-

342 460 599 499 rannum
631 441 791 497 enim
826 440 1164 498 Hieronem
1195 440 1540 517 alloquitur.

430 539 611 609 Quid,
655 559 774 616 qua
816 540 1160 617 granditate
1206 540 1545 608 verborum,
1594 560 1713 618 qua
1755 561 2147 600 numerorum

343 638 725 716 plenitudine
751 637 1114 696 Corinthum
1147 638 1433 709 celebrat,
1468 659 1669 698 arcem
1703 641 2149 717 quodammodo

343 745 407 795 et
445 737 766 796 castellum
803 757 1032 805 eorum,
1066 738 1411 815 quicunque
1457 759 1565 817 per
1608 741 1951 798 universam
1984 740 2150 799 Grae-

343 837 499 894 ciam
530 836 801 914 partibus
833 837 1222 914 optimatium
1254 857 1316 896 se
1347 838 1705 898 addixerant
1725 836 1791 898 d?

587 960 633 1006 ἐν
669 964 722 1019 τᾷ
758 961 845 1020 γὰρ
878 961 1072 1020 Εὐνομία
1103 962 1228 1015 ναίει,
1263 962 1524 1022 κασίγνηταί
1559 982 1622 1016 τε,
1661 961 1830 1022 βάθρον
1864 963 2033 1008 πολίων
2065 963 2149 1008 ἆσ-

644 1032 805 1093 φαλὲς,

587 1108 698 1152 Δίκα
719 1108 789 1152 καὶ
811 1110 1059 1167 ὁμότροπος
1080 1107 1258 1169 Εἷράνα,
1280 1110 1430 1169 ταμίαι
1450 1109 1638 1171 ἀνδράσι
1660 1108 1873 1163 πλούτου,

583 1181 770 1241 χρυσὲοι
791 1183 946 1229 παῖδες
967 1182 1186 1238 εὐβούλου
1209 1182 1410 1242 Θέμιτος·

585 1255 785 1302 ἐθέλοντι
807 1256 844 1301 δ’
868 1256 1044 1315 ἀλέξειν

585 1330 729 1388 ὕβριν,
752 1333 884 1391 κόρου
904 1330 1072 1392 ματέρα
1093 1329 1393 1392 θρασύμυθον.

430 1444 612 1515 Quod
658 1451 868 1504 autem
910 1445 1191 1505 laudibus
1228 1445 1441 1505 efferre
1478 1446 1633 1505 solet
1665 1465 1798 1504 eam
1831 1444 2020 1504 solam
2050 1464 2150 1502 ur-

342 1544 435 1603 bis
463 1545 877 1623 gubernandae
907 1546 1224 1613 rationem,
1257 1547 1355 1604 cui
1387 1566 1423 1604 a
1455 1547 1678 1605 teneris
1714 1546 1842 1623 ipse
1874 1563 2150 1604 assueve-

341 1650 471 1713 rat3
516 1644 724 1713 nolite,
757 1664 980 1721 quaeSO,
1013 1652 1229 1723 putare
1258 1646 1321 1704 id
1351 1645 1482 1704 fieri
1512 1644 1772 1723 juvenili
1810 1650 2053 1702 tantum
2084 1650 2148 1701 et

346 1741 512 1800 velut
556 1743 852 1802 amatorio
886 1743 1139 1821 judicio,
1234 1743 1476 1821 Quippe
1506 1763 1629 1801 non
1661 1743 1881 1801 desunt
1911 1743 2148 1801 idoneae

341 1862 550 1910 causae,
583 1863 691 1901 cur
731 1844 794 1901 in
832 1863 967 1902 eam
1009 1843 1392 1921 potissimum
1433 1849 1670 1920 partem
1701 1842 1863 1900 ultro
1899 1841 2148 1900 inclina-

340 1942 464 1999 rint
508 1941 692 2000 animi
739 1961 967 2012 eorum,
1014 1942 1118 2019 qui
1167 1948 1315 2000 tunc
1368 1943 1660 2020 temporis
1707 1941 2006 2021 Olympiae
2051 1941 2148 2001 1131

339 2039 599 2118 Delphis
644 2042 990 2100 cantabant.
1080 2039 1332 2101 Etenim
1377 2043 1556 2121 prisci
1601 2042 1691 2100 illi
1743 2041 1999 2112 HeroeS,
2045 2043 2148 2119 qui

343 2138 574 2216 Lyricis
611 2157 684 2195 eo
720 2145 996 2216 tempore
1033 2140 1353 2198 materiem
1391 2140 1729 2198 carminum
1760 2139 2147 2207 uberrimam,

340 2256 418 2295 ne
464 2236 661 2294 dicam
707 2238 1067 2308 universam,
1099 2239 1466 2316 praebebant,
1500 2241 1548 2298 si
1585 2260 1726 2298 cum
1768 2240 1998 2298 caeteris
2042 2238 2151 2297 ho-

339 2336 605 2394 minibus
635 2336 1040 2406 conferantur,
1071 2356 1273 2397 nonne
1305 2339 1368 2396 in
1398 2338 1533 2397 loco
1565 2339 1944 2416 quorundam
1977 2338 2147 2415 quasi

339 2436 728 2515 optimatium
755 2473 758 2476 ι
788 2444 930 2495 sunt
991 2436 1301 2497 habendi?
1375 2439 1477 2515 qui
1539 2458 1681 2496 cum
1743 2438 1975 2496 solenni
2042 2457 2149 2495 no-

338 2536 504 2594 mine
549 2533 869 2617 διοτρεφεῖς
913 2536 1211 2607 audirent,
1259 2545 1410 2607 tum,
1453 2545 1523 2595 ut
1565 2537 1746 2616 vulgo
1791 2537 2148 2614 perhibeba-

338 2643 456 2705 tur,
507 2633 652 2713 ipsis
712 2635 1062 2713 corporibus
1121 2644 1331 2696 notam
1392 2636 1657 2714 aliquam
1717 2636 2026 2696 inviolatae
2084 2645 2147 2695 et

339 2742 567 2795 sanctae
598 2742 828 2793 naturae
858 2755 985 2812 prae
1023 2755 1087 2794 se
1134 2736 1403 2796 ferebat:
1450 2755 1527 2795 ex
1562 2756 1681 2813 quo
1713 2736 1964 2796 fortasse
1994 2735 2145 2794 illud

341 2834 730 2894 Pindaricum
746 2842 786 2903 θ,

824 2929 1014 2989 ἄτρωτοί
1032 2949 1084 2990 γε
1105 2931 1192 2990 μὰν
1211 2931 1365 2979 παῖδες
1387 2931 1512 2978 θεών.

340 3055 540 3134 Igitur
575 3057 677 3133 qui
721 3052 959 3116 assidue
1005 3058 1330 3137 cogitando
1377 3059 1481 3117 diu
1527 3058 1880 3116 versabatur
1922 3058 1986 3116 in
2030 3058 2146 3116 ista

340 3155 510 3232 quasi
550 3154 799 3227 familia,
831 3157 934 3214 vix
976 3157 1108 3216 fieri
1151 3159 1355 3235 potuit
1385 3159 1533 3235 quin
1563 3159 1614 3216 is
1644 3176 1716 3216 ea
1746 3157 1904 3215 foret
1947 3158 2146 3215 imbu-

339 3260 441 3313 tus
492 3253 811 3323 sententia,
865 3263 937 3313 ut
991 3258 1267 3315 crederet
1327 3258 1603 3315 homines
1662 3258 1739 3315 ab
1798 3257 2145 3315 hominibus

339 3368 561 3432 magno
607 3354 752 3412 satis
796 3355 1118 3414 intervallo
1164 3358 1441 3434 separari,
1488 3377 1610 3415 non
1655 3357 1810 3439 lege,
1849 3376 1974 3437 non
2019 3357 2146 3433 opi-

339 3451 540 3522 nione,
572 3453 674 3511 sed
719 3453 1062 3513 discrimine
1094 3457 1356 3533 quodam
1402 3458 1629 3526 innato,
1661 3457 1952 3533 nulloque
1989 3463 2141 3513 tem-

584 3669 608 3699 ‘1
633 3670 703 3714 Ol.
727 3684 796 3729 13.
821 3670 863 3715 6.
1581 3681 1601 3703 e
1628 3675 1733 3718 Isth.
1758 3688 1800 3732 3.
1825 3687 1899 3732 30.

2253 3777 2257 3783 .
2256 3747 2278 3760 ,'
2257 3352 2288 3723 Qfstrffkssffisexwsss3>
2268 3313 2274 3323 v
2277 3271 2281 3274 1
