2288 4036
325 157 435 210 484
452 155 760 210 Pindarum
779 154 1080 227 oumfessis,
1099 171 1312 226 cumque
1331 154 1554 226 repulsis
1568 155 1782 209 sentire:
1805 175 2131 210 ruffinxxrv.

414 301 639 379 Neque
669 320 811 359 vero
842 318 1052 359 eorum
1082 304 1176 356 est
1207 297 1451 368 oblitus,
1484 299 1588 376 qui
1622 318 1765 358 areu
1803 306 1866 357 et
1912 299 2133 377 sagitta

325 406 602 459 certant:
651 400 766 457 etsi
807 417 1021 456 vereor
1065 403 1138 455 ut
1178 397 1296 454 iste
1342 396 1522 456 ludus
1569 416 1840 474 unquam
1887 398 2000 455 sibi
2045 396 2136 455 lo-

325 515 466 554 cum
496 497 559 553 in
589 495 935 574 gymnasiis,
963 493 1302 552 Hellenicis
1334 494 1582 570 quidem
1615 501 1799 565 certe,
1825 496 2135 553 meruerit.

327 593 451 652 Sed
475 601 682 652 tamen
714 592 1011 668 ejusmodi
1042 598 1153 661 est,
1185 598 1256 650 ut
1284 593 1498 669 saepius
1538 594 1765 671 injecta
1794 594 1923 670 ejus
1966 613 2139 651 men-

325 693 412 750 tio
437 691 940 770 significationem
972 690 1196 748 habeat
1226 692 1413 749 animi
1446 693 1698 751 minime
1734 713 1770 751 a
1806 692 2138 771 gymnasti-

326 791 411 848 cis
446 791 644 849 alieni.
737 789 969 849 Videte
1014 789 1204 868 igitur
1247 810 1325 848 an
1369 790 1504 849 haee
1536 811 1777 869 quoque
1813 792 2032 850 cadant
2072 791 2136 848 in

326 890 685 948 hodiernam
718 890 1195 966 disputationem
1215 897 1259 924 ¹¹¹
1282 908 1295 948 :

688 1028 842 1074 πολλά
862 1047 937 1087 μοι
958 1026 1030 1073 ὑπ’
1052 1028 1250 1088 ἀγκῶνος
1272 1027 1387 1072 ὦκέα
1406 1027 1524 1085 βέλη

689 1103 818 1148 ἔνδον
836 1103 927 1148 ἐντὶ
947 1101 1176 1163 φαρέτρας
1195 1137 1205 1147 .
1224 1137 1235 1148 .
1258 1137 1267 1148 .
1287 1138 1297 1149 .

687 1178 821 1236 ἕπεχε
843 1179 918 1221 νῦν
941 1178 1095 1237 σκόπῳ
1117 1177 1264 1234 τόξον,
1288 1177 1370 1237 ὅγε
1391 1176 1516 1235 θῦμε,
1540 1176 1637 1221 τίνα
1657 1176 1887 1234 βάλλομεν

688 1251 735 1296 ἐκ
755 1251 983 1309 μαλθακᾶς
1004 1250 1107 1297 αὖτε
1128 1252 1295 1311 φρενὸς
1316 1251 1498 1298 εὐκλέας
1518 1251 1696 1298 ὀϊστοὺς
1717 1250 1881 1304 ἵεντες;
1915 1250 1988 1296 ἐπί
2007 1269 2077 1296 τοι

687 1325 953 1387 Ἀκράγαντι
975 1325 1201 1380 τανύσαις,
1224 1327 1494 1386 αὐδάσομαι.

324 1446 617 1524 Ejusdem
675 1446 794 1505 Ioci
855 1454 1016 1515 sunt,
1070 1447 1292 1524 quibus
1346 1445 1572 1523 alioqui
1626 1465 1690 1504 se
1743 1446 2004 1514 cohibet,
2058 1466 2139 1504 ne

319 1547 478 1605 forte
509 1546 758 1605 diversae
789 1552 852 1604 et
883 1546 1066 1604 irritae
1099 1545 1481 1604 laudationes
1510 1546 1639 1623 ejus
1669 1545 1892 1603 abeant
1913 1553 1963 1614 ¹¹,

688 1676 765 1735 ἐμὲ
786 1675 823 1721 δ’
847 1675 977 1721 εὐθὺν
996 1675 1193 1721 ἀκόντων

691 1751 808 1796 ἱέντα
827 1750 1002 1810 ῥόμβον
1021 1751 1143 1810 παρὰ
1164 1752 1335 1796 σκοπὸν
1356 1751 1408 1795 οὗ
1428 1750 1517 1810 χρὴ

684 1826 740 1870 τὰ
759 1825 911 1870 πολλὰ
930 1824 1074 1880 βέλεα
1095 1823 1322 1884 καρτύνειν
1340 1827 1505 1885 χεροῖν.

410 1952 533 2011 Sed
566 1954 642 2011 de
672 1953 767 2011 his
799 1954 943 2011 satis
974 1972 1295 2030 superque.
1386 1951 1679 2030 Sequitur
1717 1958 1788 2010 ut
1831 1951 2134 2029 proferam

322 2071 517 2131 pauca
569 2051 869 2128 quaedam,
917 2071 1176 2128 quorum
1229 2071 1301 2110 ea
1350 2053 1439 2110 vis
1492 2051 1625 2122 erit,
1677 2058 1748 2110 ut
1803 2051 2134 2110 Pindarum

322 2152 743 2210 demonstrent
790 2151 1015 2208 mirum
1059 2151 1124 2208 in
1169 2150 1421 2208 modum
1464 2170 1605 2209 oum
1650 2150 1899 2209 athletis
1943 2150 2137 2209 ferme

322 2250 568 2308 sentire.
660 2248 886 2318 PrimO,
932 2249 1096 2326 quod
1156 2248 1231 2307 ad
1291 2249 1491 2326 ipsum
1552 2247 1822 2307 laborem
1875 2248 2136 2318 attinet;

323 2347 667 2426 gratulatur
696 2348 939 2406 cuidam
970 2346 1172 2424 aliquo
1203 2348 1266 2405 in
1296 2346 1449 2418 loce,
1481 2347 1767 2424 quoniam
1785 2355 1812 2383 ⁰

687 2485 943 2545 ἐξέπεμψεν
962 2485 1289 2544 παλαισμάτων
1306 2488 1468 2545 αὕχενα
1490 2483 1561 2531 καὶ
1582 2484 1741 2532 σθένος
1764 2484 2029 2539 ἀδίαντον,

687 2558 840 2606 αἴθωνι
860 2560 968 2620 πρὶν
986 2559 1099 2622 ἁλίῳ
1117 2562 1244 2620 γυῖον
1265 2560 1490 2619 ἐμπεσεῖν.

324 2675 509 2736 Ponit
546 2686 690 2737 ante
733 2678 941 2737 oeulos
978 2678 1187 2758 fugam
1233 2698 1444 2737 eorum
1479 2679 1581 2756 qui
1627 2679 1929 2757 repulsam
1974 2678 2132 2756 passi

324 2783 501 2848 sunt3
549 2797 668 2854 qua
697 2778 1046 2857 ignominia,
1073 2798 1315 2857 quoque
1345 2780 1593 2857 pudore,
1624 2779 1852 2838 abdant
1882 2796 1946 2837 se
1972 2778 2136 2855 quis-

326 2894 445 2951 que
474 2875 538 2932 in
569 2893 746 2933 suum
778 2875 1071 2955 angulum
1093 2884 1138 2933 P.

689 3008 784 3075 τοῖς
804 3008 904 3051 οὔτε
927 3007 1088 3053 νόστος
1109 3008 1225 3064 ὁμῶς

689 3079 914 3127 ἔπαλπνος
935 3080 982 3125 ἐν
1002 3080 1191 3126 Πυθίαδι
1213 3080 1355 3139 κρίθη,

692 3153 794 3198 οὐδὲ
815 3155 1044 3212 μολόντων
1063 3155 1153 3214 πὰρ
1175 3154 1327 3215 ματέρ’
1347 3155 1465 3214 ἀμφὶ
1486 3153 1630 3214 γέλως
1649 3156 1814 3214 γλυκὺς

690 3225 836 3284 ὦρσεν
854 3228 1002 3286 χάριν·
1036 3228 1146 3273 κατὰ
1165 3226 1334 3286 λαύρας
1354 3226 1392 3272 δ’
1415 3227 1588 3286 ἐχθρῶν
1608 3227 1796 3287 ἀπάοροι

690 3301 967 3354 πτώσσοντι,
990 3302 1206 3361 συμφορᾷ
1228 3300 1522 3361 δεδαιγμένοι.

387 3519 427 3542 ¹11
464 3513 535 3557 Ol.
561 3526 602 3556 2.
633 3523 731 3568 150.
1049 3521 1067 3540 ¹¹
1099 3515 1313 3574 Ibidsrg.
1342 3530 1442 3574 132.
1750 3526 1773 3548 0
1807 3518 1931 3563 Nem.
1958 3530 1999 3578 7.
2029 3519 2131 3566 106.

324 3592 343 3618 P
377 3586 512 3643 Pyth.
536 3587 579 3630 8.
610 3601 710 3644 1319.
