2288 4036
216 163 372 195 PRAEL.
395 162 525 194 xxu.
637 142 815 210 Jovem
838 141 1016 211 ubique
1042 144 1316 194 Auctorem
1341 142 1587 195 adhiberi.
1861 147 1968 199 433

216 285 453 361 Apollo,
501 285 856 360 procedente
896 286 1024 359 jam
1076 285 1198 350 lite,
1243 286 1475 342 disertis
1520 287 1710 343 verbis
1754 287 1792 344 J
1796 306 1968 346 ovem

214 378 528 456 appellatb:

566 478 778 524 οὐπώποτ’
801 478 920 524 εἶπον
939 473 1205 536 μαντικοῖσιν
1226 480 1271 524 ἐν
1291 481 1472 540 θρόνοις,

567 553 641 596 οὐκ
662 551 829 608 ἀνδρὸς,
851 552 900 595 οὐ
920 553 1134 610 γυναικὸς,
1156 552 1206 595 οὐ
1225 554 1393 599 πόλεως
1411 553 1526 611 πέρι,

568 622 591 666 ὃ
611 623 668 680 μὴ
689 622 888 667 ’κέλευσε
910 626 1012 669 Ζεῦς
1028 622 1279 680 Ὀλυμπίων
1297 624 1454 682 πατήρ.

216 757 575 834 Diligentius
643 777 713 815 ea
778 760 1163 828 considerate,
1223 760 1437 835 quibus
1504 762 1617 818 ista
1676 761 1970 818 clauditur

215 854 416 913 oratio.

564 966 704 1024 βούλῃ
725 968 961 1026 πιφαύσκω
983 965 1019 1012 δ’
1040 968 1140 1025 ὔμμ’
1163 968 1428 1014 ἐπισπέσθαι
1448 971 1623 1028 πατρός·

566 1039 692 1096 ὅρκος
710 1041 794 1098 γὰρ
815 1044 907 1084 οὔτι
928 1042 1060 1096 Ζηνὸς
1080 1039 1225 1099 ἰσχύει
1244 1041 1393 1086 πλέον.

216 1159 307 1216 En
352 1160 759 1236 gravissimum
789 1180 945 1218 verae
983 1162 1222 1236 pietatis
1252 1161 1714 1230 documentum3
1761 1180 1839 1218 ne
1872 1162 1971 1236 ju-

213 1258 354 1313 ratis
384 1257 619 1331 quidem
664 1255 1001 1314 hominibus
1032 1255 1348 1314 dicendum
1389 1276 1465 1313 ex
1509 1259 1689 1314 animi
1721 1260 1809 1315 sui
1841 1277 1973 1315 sen-

213 1353 418 1420 tentia,
450 1353 615 1427 siqua
642 1353 869 1410 ratione
899 1353 1039 1410 satis
1069 1359 1320 1418 constet,
1351 1353 1658 1411 adversam
1689 1354 1813 1411 fore
1842 1371 1975 1411 sen-

212 1448 463 1505 tentiam
493 1448 532 1505 J
536 1446 676 1526 ovis.

305 1543 465 1612 Quin
523 1551 585 1601 et
634 1545 891 1611 OresteS‚
939 1542 1209 1620 judicata
1262 1545 1390 1619 jam
1457 1562 1646 1613 causa,
1699 1543 1785 1602 ita
1845 1543 1967 1602 Mi-

213 1658 410 1696 nervae
468 1646 530 1696 et
581 1638 847 1716 Apollini
906 1643 1122 1716 gratias
1180 1640 1315 1716 agit,
1367 1647 1436 1696 ut
1493 1640 1534 1697 J
1537 1660 1707 1697 ovem
1766 1648 1970 1698 tamen

213 1737 511 1810 praecipuo
542 1755 610 1793 ac
638 1737 871 1811 proprio
901 1737 1140 1793 nomine
1171 1741 1393 1813 σωτῆρα
1425 1736 1534 1804 sibi
1565 1737 1863 1794 vindicare
1886 1738 1973 1793 vi-

216 1828 491 1888 deaturi:

564 1961 760 2023 Ἀργεῖος
779 1962 896 2023 ἇ’νὴρ
918 1964 1052 2016 αὖθις,
1073 1960 1119 2010 ἕν
1138 1984 1185 2009 τε
1204 1960 1425 2023 χρήμασιν

566 2037 672 2080 οἷκεῖ
689 2036 916 2096 πατρῴοις,
938 2037 1173 2082 Παλλάδος
1193 2037 1262 2080 καὶ
1282 2036 1440 2094 Λοξίου

566 2108 696 2161 ἕκατι,
719 2110 787 2153 καὶ
807 2113 883 2153 τοῦ
903 2110 1042 2153 πάντα
1062 2109 1306 2165 κραίνοντος
1324 2109 1472 2166 τρίτου

565 2184 774 2238 Σωτῆρος,
797 2180 844 2226 ὃς
862 2185 1060 2240 πατρῷον
1079 2182 1294 2227 αἰδεσθεὶς
1313 2182 1448 2238 μόρον

567 2255 695 2307 σώζει
715 2272 784 2310 με,
803 2255 963 2310 μητρὸς
982 2254 1117 2298 τάσδε
1139 2253 1365 2298 συνδίκους
1385 2251 1512 2310 ὁρῶν.

302 2379 574 2454 Denique
604 2379 798 2435 Pallas
827 2380 954 2453 ipsa
982 2397 1101 2434 non
1131 2378 1246 2435 alia
1273 2379 1460 2454 magis
1489 2377 1715 2434 ratione
1746 2377 1975 2435 demul-

217 2482 313 2532 cet
355 2476 532 2532 iratas
571 2476 646 2531 ob
691 2475 858 2530 litem
902 2473 1194 2548 perditam
1226 2472 1446 2540 Furiae,
1477 2492 1655 2547 quam
1686 2475 1844 2547 quod
1886 2475 1973 2533 ita

195 2571 255 2627 ‘J
259 2573 354 2627 ovi
397 2571 731 2645 placuerat3
783 2571 950 2643 cujus
979 2569 1174 2625 edicto
1205 2568 1482 2625 standum
1511 2575 1637 2624 erat
1665 2577 1972 2644 utcunque

220 2667 509 2733 omnibus,
544 2667 655 2723 etsi
683 2664 847 2721 nullo
876 2674 1050 2739 pacto
1085 2670 1462 2738 perspectum
1491 2663 1796 2733 haberent,
1827 2684 1973 2740 quo-

219 2781 357 2818 nam
385 2763 434 2818 is
454 2763 609 2837 jure,
640 2780 828 2836 quave
856 2761 1085 2816 ratione
1115 2756 1532 2827 decrevissetk3

571 2895 670 2940 ἀλλ’
693 2896 739 2940 ἐκ
760 2897 862 2942 Διὸς
880 2896 964 2954 γὰρ
982 2895 1161 2953 λαμπρὰ
1180 2893 1390 2952 μαρτύρια
1409 2895 1563 2951 παρῆν.

222 3020 396 3087 Quod
454 3019 632 3094 siquis
678 3020 1005 3075 etiamnum
1062 3018 1304 3094 indigne
1362 3036 1424 3074 se
1475 3016 1599 3091 pati
1646 3016 1968 3084 existimet,

195 3116 367 3171 sciat
423 3121 622 3171 tamen
687 3114 805 3182 ille,
857 3115 1012 3189 quod
1071 3113 1255 3170 semel
1313 3111 1451 3169 Jovi
1511 3111 1587 3168 sit
1644 3119 1859 3180 ratum,
1882 3129 1886 3134 ·
1909 3113 1970 3169 id

221 3210 397 3267 nullis
436 3212 778 3286 opinionum
814 3210 1164 3268 commentis
1206 3228 1399 3284 neque
1430 3207 1612 3265 deleri
1655 3227 1826 3283 posse
1870 3228 1971 3265 ne-

341 3409 366 3441 11
398 3409 524 3454 Eum.
547 3410 648 3468 619.
980 3411 993 3442 i
1025 3411 1138 3454 Ibid.
1162 3410 1262 3468 760.
1561 3407 1578 3432 ¹¹
1611 3407 1723 3450 Ibid.
1747 3407 1848 3450 800.

1073 3503 1108 3542 F
1138 3485 1168 3541 f
