2288 4036
381 176 498 238 508
674 184 788 238 Gur
815 184 1086 237 Naturam
1112 181 1248 235 Arci
1269 181 1463 252 saepius
1475 180 1795 252 praetulerit.
1874 200 2032 233 PRAEL.
2055 198 2182 233 xxv.

685 328 763 373 οὒκ
783 326 1012 387 ἀπείρατοι
1035 324 1163 383 δόμοι

685 402 789 448 ε’ντί·
822 401 1025 459 λέλογχε
1048 399 1096 444 δὲ
1116 397 1416 458 μεμφομένοις
1436 397 1599 444 ε’σλοὺς
1618 397 1737 457 ὕδωρ
1759 400 1905 458 καπνῷ
1927 396 2082 457 φέρειν

682 473 843 522 ἀντίον·
866 473 1018 532 τεχναὶ
1041 472 1078 517 δ’
1101 471 1261 532 ἑτέρων
1283 471 1441 531 ἕτεραι·
1475 471 1562 531 χρὴ
1585 470 1622 516 δ’
1646 472 1693 517 ἐν
1714 471 1900 518 εὐθείαις
1921 471 2040 518 ὁδοῖς
2061 471 2180 517 στεί-

743 567 883 608 χοντα
902 546 1152 607 μάρνασθαι
1174 547 1284 606 φυᾷ.

682 621 881 682 πράσσει
902 622 988 681 γὰρ
1011 621 1127 683 ἔργῳ
1149 620 1229 679 μὲν
1250 619 1422 675 σθένος,

681 698 896 751 βουλαῖσι
919 695 967 740 δὲ
988 694 1123 754 φρήν,
1146 693 1394 753 ἐσσόμενον
1412 694 1624 753 προῖδεῖν,

685 770 901 830 συγγενὲς
922 767 988 816 οἷς
1009 768 1174 814 ἕπεται.

378 884 599 963 Tangit
645 902 718 942 ea
761 880 1050 951 clausula,
1093 882 1157 939 ni
1202 880 1396 949 fallor,
1443 882 1808 939 sententiam
1851 880 2019 938 illam
2068 880 2180 938 sibi

378 1002 671 1062 perquam
725 981 1102 1049 familiarem,
1145 980 1464 1041 Virtutem
1504 981 1732 1039 innasci
1779 981 2018 1049 debere,
2058 999 2182 1038 non

380 1082 608 1143 addisci
630 1079 663 1141 ί.

679 1200 730 1244 τὸ
753 1198 800 1244 δὲ
823 1199 934 1258 φυᾷ,
957 1196 1192 1257 κράτιστον
1212 1194 1340 1243 ἅπαν·
1373 1197 1539 1244 πολλοὶ
1561 1197 1609 1243 δὲ
1632 1197 1851 1245 διδακταῖς

683 1272 926 1331 ἀνθρώπων
946 1271 1120 1332 ἀρεταῖς
1141 1270 1271 1319 κλέος

683 1347 888 1406 ὤρουσαν
909 1345 1109 1392 ἑλέσθαι.

382 1451 540 1511 Haec
571 1450 784 1510 eadem
817 1451 1026 1510 docuit
1065 1470 1188 1508 non
1226 1449 1414 1509 semel
1459 1470 1568 1529 per
1611 1450 1987 1510 notissimam
2019 1449 2182 1508 simi-

381 1550 704 1610 litudinem
726 1545 756 1584 k
778 1569 791 1609 ε
1016 1627 1019 1629 Β

626 1667 776 1727 σοφὸς
806 1667 831 1711 ὁ
862 1666 1015 1712 πολλὰ
1046 1664 1172 1713 εἰδὼς
1202 1666 1313 1726 φυᾷ·
1347 1664 1560 1724 μαθόντες
1587 1664 1635 1711 δὲ
1668 1666 1835 1725 λάβροι
1864 1665 2185 1726 παγγλωσσίᾳ,

688 1740 869 1798 κόρακες
889 1740 962 1792 ὣς,
986 1738 1179 1798 ἄκραντα
1198 1737 1415 1800 γαρῆετον

627 1813 732 1858 Διὸς
751 1812 864 1870 πρὸς
885 1810 1041 1872 ὄρνιχα
1062 1811 1196 1857 θεῖον.

384 1915 633 1976 Plenius
668 1935 807 1975 vero
837 1915 990 1974 illud
1022 1924 1207 1994 atque
1238 1917 1315 1976 ad
1348 1915 1655 1975 Naturam
1685 1913 2097 1994 expressius¹:

628 2032 727 2079 ἐστι
748 2032 785 2078 δ’
809 2030 953 2081 α’ίετος
974 2033 1085 2081 ὠκὺς
1106 2035 1153 2080 ἐν
1171 2035 1393 2088 ποτανοῖς,

628 2107 677 2155 ὃς
696 2109 863 2164 ἔλαβεν
883 2106 1016 2167 αἶψα,
1038 2109 1202 2167 τηλόθε
1221 2109 1579 2167 μεταμαιόμενος,
1602 2107 1818 2168 δαφοινὸν
1837 2108 1977 2168 ἄγραν
1995 2109 2145 2155 ποσίν·

628 2182 834 2243 κραγέται
857 2183 905 2228 δὲ
927 2183 1097 2228 κολοιοὶ
1118 2183 1298 2228 ταπεινὰ
1319 2182 1535 2241 νέμονται.

386 2284 599 2364 Atque
646 2285 836 2344 totius
885 2285 1066 2363 hujus
1113 2285 1350 2364 generis
1400 2304 1471 2343 ea
1516 2285 1707 2343 ferme
1758 2285 1912 2343 ratio
1958 2293 2072 2356 est,
2118 2293 2189 2344 ut

386 2404 509 2444 non
549 2385 745 2444 solum
782 2385 1026 2464 gloriari
1058 2385 1337 2444 videatur
1366 2384 1579 2453 Poeta,
1611 2384 1716 2443 sed
1757 2386 1821 2443 in
1856 2405 1977 2445 suae
2013 2386 2188 2445 famae

385 2490 622 2560 partem
653 2502 868 2541 vocare
899 2482 1085 2541 etiam
1117 2483 1412 2540 victorem
1447 2482 1764 2541 athletam.
1855 2483 2037 2554 Quid,
2069 2504 2188 2561 quo

388 2581 688 2660 Pytheam
747 2581 955 2640 laudat
1008 2581 1302 2641 exordio?
1365 2582 1469 2659 qui
1523 2581 1788 2660 Pytheas
1840 2582 2033 2640 fertur
2083 2582 2190 2641 ali-

387 2682 627 2759 quando
659 2681 967 2740 dubitasse
999 2681 1075 2739 de
1110 2681 1307 2758 pretio
1347 2681 1476 2758 ejus
1521 2681 1875 2750 carminum,
1907 2689 2187 2740 causatus

387 2780 672 2839 videlieet
721 2781 934 2839 eadem
987 2779 1245 2857 pecunia
1297 2786 1564 2839 statuam
1619 2799 1862 2838 auream
1908 2779 2188 2840 collocari

389 2880 501 2939 sibi
532 2899 726 2958 posse.
815 2879 907 2940 At
939 2879 1236 2938 Pindarus
1260 2888 1322 2947 ¹¹¹,

629 3001 723 3055 οὐκ,
745 3001 910 3061 inquit,
932 3000 1289 3061 ἀνδριαντοποιός
1310 3000 1409 3060 εἶμ’,
1432 3002 1490 3049 ὥς
1515 2999 1552 3047 τ’
1576 2998 1840 3048 ε’λινῦσοντά
1859 2999 1903 3060 μ’
1927 3001 2189 3062 ἐργάζεσθαι

690 3074 906 3135 ἀγάλματ’
930 3074 996 3121 ἐπ’
1019 3077 1152 3122 αὐτᾶς
1171 3075 1389 3134 βαθμίδος

631 3149 822 3194 ἑσταότ’·
855 3147 957 3194 ἀλλ’
981 3150 1052 3195 ἐπὶ
1073 3150 1221 3196 πάσας
1243 3150 1432 3198 ὁλκάδος
1453 3150 1499 3196 ε’ν
1519 3151 1555 3196 τ’
1569 3149 1728 3213 ἀκάτῳ,
1749 3149 1913 3210 γλυκεῖ’
1936 3150 2077 3204 ἀοιδά,

631 3222 773 3282 στεῖχ’
796 3222 870 3268 ἀπ’
893 3223 1087 3283 Αἰγίνας,
1111 3222 1417 3284 διαγγέλλοισ’
1441 3223 1510 3269 ὅτι

631 3297 874 3354 Λάμπωνος
891 3299 1000 3351 υἱὸς,
1023 3298 1198 3344 Πυθέας
1219 3297 1497 3356 εὐρυσθενὴς,

630 3371 723 3429 νίκη
747 3372 950 3430 Νεμείοις
969 3373 1240 3433 παγκρατίου
1261 3372 1502 3432 στέφανον.

451 3542 560 3590 iol.
582 3559 626 3604 9.
656 3556 755 3602 151.
1120 3544 1146 3578 k
1166 3544 1281 3592 Ibid.
1305 3560 1346 3592 2.
1375 3557 1475 3605 155.
1825 3543 1838 3577 ¹
1863 3545 1988 3590 Nem.
2012 3560 2055 3605 3.
2084 3556 2182 3601 140.

389 3625 428 3650 m
450 3618 565 3664 Ibid.
590 3630 632 3674 5.
661 3632 699 3665 1.
