2288 4036
340 1143 934 1216 PRAELECTIO
989 1140 1796 1223 QUADRAGESIMA.

183 1581 438 1641 Afferuntur
467 1597 620 1636 causae,
652 1597 730 1627 eur
758 1578 805 1626 in
840 1579 1024 1639 Viryilio
1060 1582 1193 1625 series
1219 1586 1370 1624 nostra
1404 1578 1718 1625 Primariorum
1755 1580 1937 1624 desinat.

245 1657 560 1713 Disceptantur
591 1670 739 1713 pauca
772 1655 823 1698 de
864 1655 1068 1698 Horatio.
1133 1654 1324 1696 Multum
1365 1654 1552 1696 valuisse
1591 1653 1708 1709 apud
1738 1659 1939 1710 posteros

251 1727 493 1784 Viryilium,
523 1727 766 1784 praesertim
807 1726 1092 1777 Christianos,
1129 1726 1175 1768 in
1217 1726 1327 1767 huno
1367 1739 1499 1782 usque
1541 1724 1650 1767 diem
1665 1746 1677 1767 .·
1723 1740 1808 1768 non
1847 1727 1939 1769 sine

246 1799 447 1843 Numinis
468 1800 662 1843 consilio.
725 1800 866 1842 Porro
884 1799 1105 1841 Poeticam
1124 1812 1284 1841 omnem
1304 1795 1491 1841 Veritati
1510 1797 1658 1840 Saoroe
1680 1798 1804 1855 quasi
1826 1813 1938 1855 quae-

245 1870 343 1914 dam
365 1870 584 1927 proeludia
613 1870 712 1913 dari
723 1889 743 1919 ;
777 1870 1021 1927 Prophetas
1042 1870 1254 1921 Hebraeis,
1274 1869 1434 1912 Poetas
1459 1869 1679 1912 Gentibus.
1746 1869 1864 1917 Quid
1891 1869 1943 1912 de

246 1958 296 1986 ea
336 1958 383 1986 re
417 1944 629 1986 senserint
662 1943 816 1986 Sancti
845 1944 1017 1986 Patres.
1080 1943 1267 1985 Ponitur
1300 1943 1530 1999 exemplum
1563 1956 1586 1984 e
1616 1941 1940 1985 recentioribus.

246 2016 444 2073 Denique
462 2016 609 2058 multis
635 2015 877 2058 rationibus
904 2016 1118 2071 arquitur,
1141 2015 1330 2058 Poeticoe
1355 2029 1450 2057 cum
1474 2015 1717 2070 Theoloyia,
1746 2028 1941 2070 maynam

239 2093 425 2145 partem,
448 2085 800 2141 eommuniafore
820 2092 862 2130 et
881 2087 991 2130 vitia
1012 2090 1054 2129 et
1074 2083 1275 2130 remedia.

347 2251 527 2310 UOD
574 2265 685 2310 usu
727 2251 877 2310 solet
927 2245 1043 2310 illis
1086 2253 1303 2321 venire,
1343 2252 1443 2328 qui
1487 2251 1828 2328 praeolarum
1876 2270 1943 2310 ao

386 2364 668 2425 magnum
717 2349 952 2424 aliquod
1000 2350 1321 2424 imparibus
1368 2359 1506 2406 sunt
1553 2350 1807 2425 aggressi
1863 2351 1946 2405 vi-

190 2444 370 2514 ribus,
429 2463 645 2520 nempe
702 2452 771 2502 ut
828 2464 954 2501 rem
1014 2446 1316 2503 fateantur
1368 2445 1543 2522 longe
1601 2445 1775 2502 aliam
1835 2445 1944 2502 sibi

193 2541 450 2607 cessisse,
474 2547 652 2615 atque
675 2541 784 2616 ipsi
816 2548 1225 2616 speraverant3
1271 2561 1407 2598 cum
1430 2550 1492 2598 et
1515 2541 1711 2616 ampla
1741 2541 1946 2616 saepius

183 2638 388 2712 jejune
420 2656 481 2694 se
512 2645 792 2695 tractasse
833 2640 1106 2706 sentiant,
1139 2646 1201 2695 et
1235 2638 1483 2714 pulchra
1520 2639 1851 2704 invenuste,
1884 2644 1947 2694 et

193 2735 436 2811 grandia
470 2734 805 2792 humiliter:
851 2735 912 2791 id
943 2736 1218 2810 equidem
1262 2736 1346 2791 ita
1376 2736 1618 2791 concedi
1648 2734 1846 2802 velim,
1878 2742 1946 2790 ut

195 2831 376 2888 finitis
411 2832 538 2907 jam
578 2831 874 2890 laboribus
913 2834 974 2888 iu
1023 2833 1230 2889 eadem
1261 2840 1462 2889 tamen
1499 2834 1608 2889 sim
1653 2832 1948 2889 sententia

197 2926 270 2982 de
320 2944 550 2983 summa
599 2929 681 2983 rei
734 2928 1003 3003 poetioae.
1093 2928 1235 2985 Non
1280 2947 1395 3003 quo
1439 2935 1665 3004 putem,
1706 2926 1827 2983 ulla
1870 2945 1947 2982 ex

197 3029 363 3097 parte
402 3025 565 3100 tangi
595 3044 630 3081 a
658 3025 825 3082 nobis
862 3043 1049 3102 genus
1091 3025 1284 3100 ipsum
1316 3026 1683 3099 formamque
1730 3023 1946 3079 divinae

197 3120 374 3176 artis:
420 3121 591 3178 video
634 3135 731 3179 me
774 3122 1065 3179 laborasse
1102 3123 1279 3179 modo
1318 3123 1379 3178 in
1418 3121 1650 3177 minuto
1691 3120 1947 3194 quodam

199 3216 414 3292 angulo
455 3216 750 3276 latissimae
787 3219 1120 3295 provinciae,
1151 3237 1344 3293 neque
1376 3218 1590 3275 Poesin
1619 3219 1805 3293 ipsam
1848 3217 1950 3272 do-

202 3313 404 3380 cuisse,
451 3315 551 3371 sed
587 3315 784 3390 potius
818 3314 1032 3371 indicia
1075 3315 1342 3389 quaedam
1388 3323 1449 3372 et
1489 3315 1766 3390 adjuncta
1803 3314 1952 3370 Poe-

203 3427 349 3465 seOS.
442 3408 604 3466 Nam
644 3418 954 3486 postquam
993 3410 1420 3480 intellexeram,
1454 3412 1701 3470 Poetioa
1740 3412 1950 3476 vocari,

203 3505 325 3561 sive
370 3506 431 3561 in
489 3508 788 3564 communi
833 3509 969 3575 vita,
1011 3509 1133 3564 sive
1177 3510 1238 3564 in
1285 3510 1515 3566 oaeteris
1559 3510 1782 3566 artibus
1818 3527 1952 3582 quae

202 3598 496 3657 habentur
534 3601 823 3678 ingenuae,
869 3623 938 3661 ea
977 3605 1297 3680 praesertim
1327 3624 1455 3680 quae
1500 3606 1791 3662 fervidum
1829 3602 1952 3679 ple-

2031 1547 2059 1574 fi
