2288 4036
147 279 304 314 PRAEL.
328 278 476 312 xx1x.
601 258 828 328 Ineptias
852 256 1130 326 aliquando
1142 257 1291 326 ferri
1305 273 1460 327 posse.
1794 258 1902 312 589

152 403 311 461 Nam
356 403 417 458 in
459 402 681 459 Medea
729 401 1000 458 laudibus
1047 400 1438 467 Athenarum,
1483 398 1623 455 licet
1678 398 1900 466 alienis,

150 518 311 575 paene
347 499 621 555 adducor
670 506 738 554 ut
790 499 1127 575 ignoscam:
1194 516 1371 572 quem
1423 497 1581 553 enim
1632 514 1750 551 non
1803 495 1903 551 de-

149 596 407 653 mulceat
438 596 723 652 eximium
755 614 988 652 carmen
1009 603 1054 662 g,

555 702 824 760 Ἐρεχθεῖδαι
845 703 894 746 τὸ
915 703 1100 746 πάλαιον
1120 700 1280 754 ὄλβιοι,

559 775 627 817 καὶ
649 774 757 818 θεῶν
776 775 925 820 παῖδες
945 774 1171 831 μακάρων;

151 871 297 939 Quae
338 871 535 927 nescio
566 890 720 938 sane,
751 890 825 928 an
855 871 1067 946 injuria
1104 870 1354 927 dixerim
1396 867 1619 924 aliena:
1666 885 1803 923 cum
1834 883 1905 921 ea

151 967 398 1042 scriptor
426 964 707 1039 ἐνὸοσίμῳ,
739 967 895 1041 quod
927 973 1155 1032 vocant,
1187 967 1334 1023 adeo
1365 964 1519 1022 felici
1550 982 1687 1021 cum
1727 962 1905 1019 rebus

153 1063 386 1120 Medeae
416 1064 821 1139 conjunxerit:

615 1183 707 1224 πῶς
726 1177 801 1223 οὖν
822 1180 945 1237 ἱερῶν
964 1182 1166 1235 ποταμῶν

619 1247 644 1304 ἢ
665 1250 807 1300 πόλις,
828 1247 853 1304 ἢ
875 1248 1020 1306 φίλων

618 1323 838 1377 πομπιμός
860 1339 913 1365 σε
932 1321 1054 1378 χώρα

621 1393 698 1436 τὰν
717 1392 1044 1450 παιδολὲτειραν
1065 1391 1167 1446 ἕξει,

619 1465 696 1508 τὰν
717 1465 793 1508 οὐκ
814 1464 941 1509 ὁσίαν
952 1482 966 1516 3
998 1463 1088 1521 μετ’
1111 1463 1260 1507 ἄλλων

620 1536 789 1595 σκέψαι
810 1536 964 1581 τεκέων
983 1536 1172 1595 πλάγαν,

622 1609 790 1666 σκέψαι
811 1609 950 1666 φόνον
970 1606 1060 1652 οἷον
1081 1606 1205 1665 αἴρει.

239 1701 397 1759 Illud
436 1703 621 1760 addo:
670 1704 825 1778 apud
855 1703 1173 1779 Tragoedos
1221 1720 1339 1770 non
1384 1718 1616 1776 semper
1646 1701 1910 1759 damnari

157 1806 446 1875 oportere,
489 1819 565 1856 ne
608 1800 848 1876 frigidos
892 1799 1132 1875 quidem
1179 1804 1241 1854 et
1295 1797 1744 1873 intempestivos
1795 1817 1913 1855 ser-

156 1914 375 1952 moneS.
467 1895 629 1952 Nam
674 1896 800 1952 fieri
838 1901 1051 1971 potest,
1092 1901 1162 1950 ut
1201 1894 1376 1951 rebus
1420 1894 1600 1950 etiam
1644 1894 1914 1970 gravissi-

156 1992 266 2048 mis
303 1992 559 2067 ineptior
597 1991 806 2067 aliquis
850 1992 1003 2048 adsit
1047 2010 1115 2047 ac
1151 1990 1467 2065 loquacior,
1499 1991 1667 2064 cujus
1710 1996 1913 2046 tamen

157 2106 326 2163 nugae
355 2107 475 2144 non
503 2106 708 2162 parum
741 2087 1046 2144 conferant
1075 2087 1149 2143 ad
1179 2105 1470 2143 summam
1498 2086 1683 2142 totius
1707 2105 1915 2142 aerum-

157 2202 251 2239 nae
275 2202 290 2251 3
332 2184 548 2259 quippe
580 2203 707 2258 quae
738 2183 814 2240 ob
844 2202 975 2239 eam
1000 2182 1378 2239 collationem
1409 2183 1513 2238 fiat
1543 2181 1807 2238 acerbior
1829 2182 1914 2237 vi-

159 2297 344 2354 suque
373 2280 613 2337 foedior:
661 2279 1159 2354 quemadmodum
1191 2280 1373 2346 aiunt,
1407 2277 1723 2353 squallidas
1754 2297 1915 2335 casas

162 2383 224 2433 et
253 2395 576 2452 pauperum
617 2376 922 2433 hortorum
954 2375 1265 2433 colluviem
1308 2377 1434 2450 ipsa
1474 2375 1916 2450 propinquitate

160 2473 502 2529 moestitiam
534 2474 830 2547 quandam
877 2472 1092 2529 addere
1134 2472 1343 2528 dirutis
1379 2471 1474 2528 vel
1512 2470 1778 2528 Deorum
1824 2469 1918 2527 vel

160 2587 364 2645 regum
396 2570 814 2625 monumentis.
895 2567 1029 2625 Hac
1059 2568 1287 2625 ratione
1318 2567 1509 2625 multa
1538 2574 1784 2625 excuset
1814 2566 1919 2624 ali-

162 2665 305 2739 quis,
352 2672 484 2721 tum
542 2664 698 2740 apud
752 2664 1159 2740 Shaksperum
1213 2671 1498 2732 nostrum,
1551 2671 1682 2720 tum
1737 2665 1919 2721 etiam

163 2761 318 2836 apud
362 2761 724 2837 Euripidem,
766 2760 983 2835 alioqui
1029 2761 1169 2818 satis
1216 2760 1407 2818 aliena
1445 2767 1624 2835 atque
1664 2759 1916 2818 insulsa:

166 2857 358 2932 qualia
387 2863 525 2914 sunt
553 2856 656 2913 illa
693 2857 973 2932 praeconis
1001 2856 1267 2914 Thebani
1297 2857 1357 2912 in
1391 2856 1786 2932 supplicibus,
1818 2857 1920 2931 qui

164 2951 274 3008 sub
302 2952 481 3008 finem
511 2951 789 3008 orationis
824 2951 1031 3008 miram
1064 2951 1359 3026 quandam
1390 2950 1641 3008 effundit
1684 2969 1921 3026 prover-

167 3046 396 3103 biorum
428 3043 738 3123 copiamh:

459 3163 608 3219 φιλεῖν
626 3163 704 3220 μὲν
724 3164 798 3207 οὐν
817 3163 901 3221 χρὴ
923 3163 1022 3208 τοὺς
1043 3162 1212 3221 σοφοὺς
1231 3167 1403 3221 πρῶτον
1422 3161 1561 3213 τέκνα,

459 3234 606 3278 ἔπειτα
625 3234 787 3287 τοκέας,
808 3235 993 3292 πατρίδα
1012 3233 1065 3286 θ’,
1088 3233 1138 3291 ἣν
1157 3235 1300 3290 αὔξειν
1319 3235 1474 3292 χρεὼν,

460 3306 530 3349 καὶ
549 3306 606 3363 μὴ
629 3306 818 3362 κατάξαι·
853 3308 1096 3365 σφαλερὸν,
1118 3306 1286 3365 ἡγεμὼν
1307 3307 1485 3366 θρασὺς,

463 3378 564 3423 νεώς
584 3396 631 3422 τε
652 3376 816 3434 ναύτης·
849 3378 1015 3435 ἥσυχος
1038 3380 1183 3437 καιρῷ,
1206 3380 1364 3436 σοφός.

464 3449 532 3491 καὶ
553 3451 679 3494 τοῦτό
699 3467 772 3506 μοι
793 3449 1027 3507 τάνδρεῖον,
1051 3449 1076 3505 ἡ
1097 3447 1328 3508 προμηθία.

350 3606 375 3639 8
398 3601 517 3645 Med.
540 3602 641 3647 820.
1419 3603 1445 3633 h
1469 3604 1621 3660 Suppl.
1645 3603 1745 3657 508.
