2288 4036
391 146 501 197 522
728 147 1014 211 Ρίπιῖανιιε,
1028 149 1228 217 florum
1243 147 1552 218 proesertim
1579 156 1796 201 amator.
1864 166 2027 200 PRAEL.
2046 166 2197 201 xxV1.

489 287 611 346 Sed
671 288 746 346 de
801 307 873 345 ea
932 286 1329 346 similitudine
1388 288 1669 358 viderint,
1723 287 1940 365 quibus
1998 288 2198 347 istius-

393 386 558 444 modi
591 386 756 444 lusus
787 385 1112 462 placuerit:
1156 386 1381 444 eximie
1412 396 1578 444 certe
1602 406 1742 444 cum
1774 406 1846 444 ea
1875 388 2196 445 convenire

394 484 651 542 dixerim
703 483 992 560 plurimas
1045 483 1388 543 Pindaricae
1442 485 1660 543 indolis
1712 484 2195 562 significationeS‚

392 583 632 659 quibUS,
683 588 753 638 ut
802 580 1044 650 assolet,
1091 582 1374 639 conditur
1425 582 1748 659 aliquando
1793 582 2048 640 materia
2093 581 2198 640 illa

390 681 769 759 gymnastica
809 699 878 737 ac
926 678 1283 756 palaestrica.
1376 679 1670 751 Primum,
1710 681 1872 758 quod
1920 681 1983 738 in
2029 682 2197 739 verni

392 779 683 856 temporis
736 778 946 836 laudes
1001 778 1087 849 (id
1138 780 1298 854 quod
1347 779 1631 856 exemplo
1673 781 1802 856 jam
1855 780 2196 857 docuimus)

391 877 654 935 libenter
705 877 989 944 excurrit,
1037 896 1220 953 seque
1273 878 1424 936 adeo
1471 878 1689 935 florum
1737 885 2070 936 amatorem.
2117 897 2196 935 ex

391 978 593 1034 animo
649 976 870 1053 saepius
936 976 1272 1053 profitetur.
1373 976 1620 1054 Nempe
1673 977 1778 1034 ubi
1839 975 2198 1034 celebranda

391 1084 534 1132 sunt
583 1095 726 1133 arva
777 1075 976 1142 beata,
1030 1074 1507 1133 Fortunatorum
1552 1074 1788 1142 insulae,
1837 1073 1988 1131 nihil
2033 1075 2197 1151 prius

391 1175 444 1231 ei
493 1175 553 1231 in
602 1180 876 1231 mentem
925 1175 1108 1241 venit,
1157 1194 1339 1250 quam
1387 1174 1610 1232 humus
1655 1173 1903 1232 fioribus
1948 1173 2196 1242 consita,

390 1274 662 1350 ramique
695 1273 1154 1331 versicoloribus
1180 1274 1629 1350 quodammodo
1662 1273 1932 1331 distincti
1964 1270 2196 1331 sertisk.

583 1388 749 1445 ἄνθεμα
772 1389 819 1432 δέ
841 1392 1018 1448 χρυσοῦ
1040 1388 1204 1448 φλέγει

582 1465 637 1509 τὰ
657 1464 737 1522 μὲν
757 1464 980 1522 χερσόθεν
1001 1462 1073 1509 ἀπ’
1097 1464 1276 1523 ἀγλάων
1298 1463 1527 1524 δενδρέων,
1550 1463 1668 1523 ὕδωρ
1691 1463 1727 1509 δ’
1752 1464 1872 1509 ἀλλὰ
1894 1461 2073 1527 φέρβει·

583 1538 764 1597 ὅρμοισι
785 1543 873 1583 τῶν
893 1538 1028 1597 χέρας
1049 1538 1340 1583 ἀναπλέκοντι
1363 1539 1432 1583 καὶ
1456 1540 1669 1598 κεφαλάς.

390 1644 550 1702 Fieri
582 1654 805 1722 potest,
830 1652 900 1702 ut
932 1646 1088 1703 forte
1121 1646 1382 1722 quadam
1413 1646 1675 1703 audierit
1709 1645 2023 1715 Pindarus,
2058 1667 2198 1705 cum

388 1744 663 1803 dicerent
707 1745 1010 1822 peregrini
1057 1744 1334 1802 homines
1370 1745 1446 1802 de
1491 1745 1644 1802 mira
1688 1744 2200 1821 splendidissimo-

388 1863 522 1900 rum
578 1843 795 1900 florum
853 1844 1164 1913 varietate,
1214 1863 1334 1920 qua
1385 1844 1665 1901 novimus
1718 1845 1912 1902 ornari
1967 1852 2198 1904 tractus

387 1943 771 2010 meridianos,
811 1943 1036 2019 quippe
1082 1941 1192 1999 soli
1237 1941 1435 2000 multo
1476 1943 1821 2019 propiores:
1867 1944 2198 2020 praesertim

389 2060 527 2098 cum
573 2041 702 2117 ejus
738 2047 1015 2116 tempore
1057 2041 1262 2118 vigere
1305 2042 1599 2117 coeperint
1630 2041 1759 2118 jam
1798 2041 2021 2098 iterum
2062 2050 2199 2118 post

389 2139 609 2197 saecula
647 2139 891 2196 heroica
936 2138 1129 2217 longae
1175 2138 1292 2196 illae
1339 2139 1772 2217 navigationes,
1803 2159 2025 2217 magno
2058 2160 2198 2198 cum

389 2236 658 2314 periculo
702 2236 895 2294 laudis
927 2257 1070 2315 ergo
1103 2245 1431 2313 susceptae:
1482 2257 1735 2314 quarum
1769 2246 2057 2314 quantam
2094 2238 2199 2297 ille

389 2338 687 2395 rationem
733 2335 1032 2404 habuerit,
1069 2343 1375 2394 testantur
1419 2345 1552 2393 tum
1599 2336 1807 2394 laudes
1849 2338 2063 2414 saepius
2108 2358 2201 2395 re-

389 2436 597 2511 petitae
659 2434 944 2492 Herculis
1004 2443 1067 2493 et
1128 2435 1549 2493 columnarum
1611 2435 1757 2510 eJUS‚
1813 2443 1947 2492 tum
2001 2434 2200 2515 Argo-

390 2534 636 2591 nautica
686 2532 806 2601 illa,
854 2533 1338 2609 splendidissime
1394 2541 1742 2610 comparata
1791 2534 1854 2590 in
1906 2533 2197 2593 honorem
2262 2579 2265 2582 ⁴

390 2651 620 2699 eorum,
654 2632 756 2707 qui
802 2632 1121 2688 maritimae
1164 2630 1376 2708 gloriae
1415 2632 1562 2688 dant
1603 2651 1865 2708 operam.
1957 2632 2047 2690 Ut
2083 2632 2200 2690 alia

390 2730 703 2806 complura
734 2730 1037 2797 omittam,
1070 2748 1143 2787 eo
1175 2731 1529 2806 spectantia.

466 2829 710 2903 *Rursus
754 2829 830 2885 de
872 2828 1138 2896 floribus,
1170 2830 1507 2905 praesertim
1548 2829 1763 2898 vernis,
1797 2849 2016 2907 magna
2056 2850 2196 2888 cum

391 2927 708 3004 voluptate
740 2929 1116 3004 cogitantem
1154 2927 1465 2996 habemus,
1501 2928 1848 2986 dulcissima
1876 2928 1982 2986 illa
2011 2929 2198 2987 histo-

390 3026 539 3083 riola
578 3028 653 3083 de
701 3034 838 3083 ortu
880 3027 1065 3084 lami:
1117 3047 1297 3103 quem
1345 3035 1547 3084 narrat
1593 3047 1629 3084 a
1668 3035 1863 3085 matre
1906 3028 1967 3084 in
2015 3027 2195 3105 sylvis

391 3123 672 3181 relictum
707 3124 954 3182 latuisse
987 3126 1142 3202 regis
1174 3125 1582 3201 speculatores
1600 3122 1633 3182 ¹.

1181 3248 1283 3305 ἀλλῖ
1307 3249 1354 3294 ἐν

693 3318 909 3377 κέκρυπτο
931 3320 1018 3378 γὰρ
1042 3322 1227 3379 σχοίνω,
1248 3322 1382 3379 βατίᾳ
1403 3322 1439 3367 τ’
1464 3323 1510 3368 ἐν
1530 3323 1749 3384 ἀπειράτῳ

634 3481 650 3504 '⁴
681 3482 750 3525 Ol.
778 3497 818 3525 2.
850 3497 948 3539 130.
1634 3485 1647 3516 1
1670 3485 1785 3531 Ibid.
1810 3485 1853 3530 6.
1877 3487 1951 3544 89.
