<?xml version="1.0" encoding="UTF-8"?>
<!DOCTYPE html PUBLIC "-//W3C//DTD XHTML 1.0 Transitional//EN"
    "http://www.w3.org/TR/xhtml1/DTD/xhtml1-transitional.dtd">
<html xmlns="http://www.w3.org/1999/xhtml" xml:lang="en" lang="en">
 <head>
  <title>
</title>
<meta http-equiv="Content-Type" content="text/html;charset=utf-8" />
  <meta name='ocr-system' content='tesseract 3.04.00' />
  <meta name='ocr-capabilities' content='ocr_page ocr_carea ocr_par ocr_line ocrx_word'/>
</head>
<body>
  <div class='ocr_page' id='page_1' title='image "./a588873902kebluoft_0099.png"; bbox 0 0 2288 4036; ppageno 0'>
   <div class='ocr_carea' id='block_1_1' title="bbox 108 167 1858 238">
    <p class='ocr_par' dir='ltr' id='par_1_1' title="bbox 108 167 1858 238">
     <span class='ocr_line' id='line_1_1' title="bbox 108 167 1858 238; baseline -0.001 -16"><span class='ocrx_word' id='word_1_1' title='bbox 108 190 263 222; x_wconf 82' lang='lat' dir='ltr'><strong>PRAEL.</strong></span> <span class='ocrx_word' id='word_1_2' title='bbox 284 189 428 220; x_wconf 81' lang='lat' dir='ltr'>xx1v.</span> <span class='ocrx_word' id='word_1_3' title='bbox 512 170 808 221; x_wconf 72' lang='lat' dir='ltr'>Pindarioa</span> <span class='ocrx_word' id='word_1_4' title='bbox 833 176 1131 238; x_wconf 69' lang='lat' dir='ltr'>aryumenta</span> <span class='ocrx_word' id='word_1_5' title='bbox 1156 185 1252 219; x_wconf 75' lang='lat' dir='ltr'>non</span> <span class='ocrx_word' id='word_1_6' title='bbox 1275 175 1442 237; x_wconf 76' lang='lat' dir='ltr'>sponte</span> <span class='ocrx_word' id='word_1_7' title='bbox 1465 167 1612 219; x_wconf 75' lang='lat' dir='ltr'>sumi.</span> <span class='ocrx_word' id='word_1_8' title='bbox 1751 168 1858 221; x_wconf 70' lang='lat'>4⁵77</span> 
     </span>
    </p>
   </div>
   <div class='ocr_carea' id='block_1_2' title="bbox 108 308 1859 387">
    <p class='ocr_par' dir='ltr' id='par_1_2' title="bbox 108 308 1859 387">
     <span class='ocr_line' id='line_1_2' title="bbox 108 308 1859 387; baseline -0.003 -18"><span class='ocrx_word' id='word_1_9' title='bbox 108 315 178 370; x_wconf 88' lang='lat' dir='ltr'>ad</span> <span class='ocrx_word' id='word_1_10' title='bbox 211 312 462 369; x_wconf 89' lang='lat' dir='ltr'>alterum</span> <span class='ocrx_word' id='word_1_11' title='bbox 506 312 652 368; x_wconf 92' lang='lat' dir='ltr'>illud</span> <span class='ocrx_word' id='word_1_12' title='bbox 695 331 899 387; x_wconf 84' lang='lat' dir='ltr'>genus,</span> <span class='ocrx_word' id='word_1_13' title='bbox 932 312 1088 386; x_wconf 89' lang='lat' dir='ltr'>quod</span> <span class='ocrx_word' id='word_1_14' title='bbox 1127 312 1185 366; x_wconf 91' lang='lat' dir='ltr'>in</span> <span class='ocrx_word' id='word_1_15' title='bbox 1233 311 1502 386; x_wconf 87' lang='lat' dir='ltr'>proximo</span> <span class='ocrx_word' id='word_1_16' title='bbox 1535 328 1704 366; x_wconf 90' lang='lat' dir='ltr'>versu</span> <span class='ocrx_word' id='word_1_17' title='bbox 1735 308 1859 365; x_wconf 91' lang='lat' dir='ltr'>lau-</span> 
     </span>
    </p>
   </div>
   <div class='ocr_carea' id='block_1_3' title="bbox 81 410 1288 544">
    <p class='ocr_par' dir='ltr' id='par_1_3' title="bbox 81 410 1288 544">
     <span class='ocr_line' id='line_1_3' title="bbox 253 428 399 465; baseline 0.007 -1"><span class='ocrx_word' id='word_1_18' title='bbox 253 429 281 464; x_wconf 86' lang='lat'>1·</span> <span class='ocrx_word' id='word_1_19' title='bbox 299 428 399 465; x_wconf 87' lang='lat'>:—</span> 
     </span>
     <span class='ocr_line' id='line_1_4' title="bbox 81 410 1288 544; baseline -0.002 -13"><span class='ocrx_word' id='word_1_20' title='bbox 81 475 83 477; x_wconf 32' lang='lat'><em>-</em></span> <span class='ocrx_word' id='word_1_21' title='bbox 108 410 249 466; x_wconf 66' lang='lat' dir='ltr'>datu</span> <span class='ocrx_word' id='word_1_22' title='bbox 458 487 610 530; x_wconf 87' lang='lat' dir='ltr'>Flebili</span> <span class='ocrx_word' id='word_1_23' title='bbox 632 501 808 543; x_wconf 76' lang='lat' dir='ltr'>sponsae</span> <span class='ocrx_word' id='word_1_24' title='bbox 823 486 1088 544; x_wconf 88' lang='lat' dir='ltr'>juvenemve</span> <span class='ocrx_word' id='word_1_25' title='bbox 1109 493 1288 543; x_wconf 88' lang='lat' dir='ltr'>raptum</span> 
     </span>
    </p>
   </div>
   <div class='ocr_carea' id='block_1_4' title="bbox 459 557 1386 745">
    <p class='ocr_par' dir='ltr' id='par_1_4' title="bbox 459 557 1386 745">
     <span class='ocr_line' id='line_1_5' title="bbox 459 557 1386 615; baseline -0.001 -14"><span class='ocrx_word' id='word_1_26' title='bbox 459 558 622 609; x_wconf 88' lang='lat' dir='ltr'>Plorat,</span> <span class='ocrx_word' id='word_1_27' title='bbox 644 565 686 601; x_wconf 91' lang='lat' dir='ltr'>et</span> <span class='ocrx_word' id='word_1_28' title='bbox 706 559 822 601; x_wconf 89' lang='lat' dir='ltr'>vires</span> <span class='ocrx_word' id='word_1_29' title='bbox 844 557 1131 615; x_wconf 80' lang='lat' dir='ltr'>animumque</span> <span class='ocrx_word' id='word_1_30' title='bbox 1152 572 1386 615; x_wconf 86' lang='lat' dir='ltr'>moresque</span> 
     </span>
     <span class='ocr_line' id='line_1_6' title="bbox 461 629 1266 686; baseline -0.001 -13"><span class='ocrx_word' id='word_1_31' title='bbox 461 630 634 673; x_wconf 87' lang='lat' dir='ltr'>Aureos</span> <span class='ocrx_word' id='word_1_32' title='bbox 657 629 805 673; x_wconf 83' lang='lat' dir='ltr'><strong>educit</strong></span> <span class='ocrx_word' id='word_1_33' title='bbox 825 629 873 672; x_wconf 91' lang='lat' dir='ltr'>in</span> <span class='ocrx_word' id='word_1_34' title='bbox 894 637 1025 680; x_wconf 82' lang='lat' dir='ltr'>astra,</span> <span class='ocrx_word' id='word_1_35' title='bbox 1048 630 1266 686; x_wconf 84' lang='lat' dir='ltr'>nigroque</span> 
     </span>
     <span class='ocr_line' id='line_1_7' title="bbox 817 701 1222 745; baseline -0.002 0"><span class='ocrx_word' id='word_1_36' title='bbox 817 701 995 745; x_wconf 87' lang='lat' dir='ltr'><strong>Invidet</strong></span> <span class='ocrx_word' id='word_1_37' title='bbox 1017 701 1138 745; x_wconf 87' lang='lat' dir='ltr'>Orco</span> <span class='ocrx_word' id='word_1_38' title='bbox 1154 718 1222 744; x_wconf 86' lang='lat'>:—</span> 
     </span>
    </p>
   </div>
   <div class='ocr_carea' id='block_1_5' title="bbox 100 799 1860 3276">
    <p class='ocr_par' dir='ltr' id='par_1_5' title="bbox 101 799 1860 1934">
     <span class='ocr_line' id='line_1_8' title="bbox 107 799 1857 878; baseline -0.003 -17"><span class='ocrx_word' id='word_1_39' title='bbox 107 805 311 862; x_wconf 79' lang='lat' dir='ltr'>debuit</span> <span class='ocrx_word' id='word_1_40' title='bbox 355 805 560 878; x_wconf 89' lang='lat' dir='ltr'>utique</span> <span class='ocrx_word' id='word_1_41' title='bbox 605 823 778 861; x_wconf 90' lang='lat' dir='ltr'>causa</span> <span class='ocrx_word' id='word_1_42' title='bbox 826 804 947 872; x_wconf 90' lang='lat' dir='ltr'>illa,</span> <span class='ocrx_word' id='word_1_43' title='bbox 995 812 1118 860; x_wconf 88' lang='lat' dir='ltr'>tam</span> <span class='ocrx_word' id='word_1_44' title='bbox 1165 804 1393 860; x_wconf 86' lang='lat' dir='ltr'>diversa</span> <span class='ocrx_word' id='word_1_45' title='bbox 1435 802 1510 858; x_wconf 90' lang='lat' dir='ltr'>ab</span> <span class='ocrx_word' id='word_1_46' title='bbox 1555 799 1857 876; x_wconf 86' lang='lat' dir='ltr'>Epiniciis,</span> 
     </span>
     <span class='ocr_line' id='line_1_9' title="bbox 106 897 1856 976; baseline -0.003 -18"><span class='ocrx_word' id='word_1_47' title='bbox 106 904 166 958; x_wconf 90' lang='lat' dir='ltr'>in</span> <span class='ocrx_word' id='word_1_48' title='bbox 210 901 451 958; x_wconf 87' lang='lat' dir='ltr'>clariore</span> <span class='ocrx_word' id='word_1_49' title='bbox 497 901 630 957; x_wconf 90' lang='lat' dir='ltr'>luce</span> <span class='ocrx_word' id='word_1_50' title='bbox 674 901 979 957; x_wconf 87' lang='lat' dir='ltr'>scribentis</span> <span class='ocrx_word' id='word_1_51' title='bbox 1022 900 1326 976; x_wconf 83' lang='lat' dir='ltr'>ingenium</span> <span class='ocrx_word' id='word_1_52' title='bbox 1372 905 1550 973; x_wconf 88' lang='lat' dir='ltr'>atque</span> <span class='ocrx_word' id='word_1_53' title='bbox 1594 897 1856 954; x_wconf 79' lang='lat' dir='ltr'>indolem</span> 
     </span>
     <span class='ocr_line' id='line_1_10' title="bbox 104 995 1859 1072; baseline -0.002 -20"><span class='ocrx_word' id='word_1_54' title='bbox 104 1016 339 1072; x_wconf 86' lang='lat' dir='ltr'>ponere.</span> <span class='ocrx_word' id='word_1_55' title='bbox 427 996 580 1053; x_wconf 84' lang='lat' dir='ltr'>Cum</span> <span class='ocrx_word' id='word_1_56' title='bbox 619 1016 756 1052; x_wconf 88' lang='lat' dir='ltr'>vero</span> <span class='ocrx_word' id='word_1_57' title='bbox 802 996 925 1051; x_wconf 88' lang='lat' dir='ltr'>fato</span> <span class='ocrx_word' id='word_1_58' title='bbox 962 996 1216 1069; x_wconf 91' lang='lat' dir='ltr'>quodam</span> <span class='ocrx_word' id='word_1_59' title='bbox 1256 995 1517 1051; x_wconf 84' lang='lat' dir='ltr'>maxima</span> <span class='ocrx_word' id='word_1_60' title='bbox 1558 1013 1688 1068; x_wconf 90' lang='lat' dir='ltr'>pars</span> <span class='ocrx_word' id='word_1_61' title='bbox 1732 995 1859 1068; x_wconf 88' lang='lat' dir='ltr'>ejus</span> 
     </span>
     <span class='ocr_line' id='line_1_11' title="bbox 106 1088 1860 1163; baseline -0.001 -17"><span class='ocrx_word' id='word_1_62' title='bbox 106 1090 431 1146; x_wconf 80' lang='lat' dir='ltr'>carminum</span> <span class='ocrx_word' id='word_1_63' title='bbox 475 1091 779 1156; x_wconf 83' lang='lat' dir='ltr'>interierit,</span> <span class='ocrx_word' id='word_1_64' title='bbox 821 1109 949 1163; x_wconf 81' lang='lat' dir='ltr'>quae</span> <span class='ocrx_word' id='word_1_65' title='bbox 993 1097 1195 1146; x_wconf 91' lang='lat' dir='ltr'>autem</span> <span class='ocrx_word' id='word_1_66' title='bbox 1239 1088 1463 1163; x_wconf 85' lang='lat' dir='ltr'>reliqua</span> <span class='ocrx_word' id='word_1_67' title='bbox 1508 1090 1641 1155; x_wconf 86' lang='lat' dir='ltr'>sint,</span> <span class='ocrx_word' id='word_1_68' title='bbox 1679 1089 1860 1163; x_wconf 90' lang='lat' dir='ltr'>perti-</span> 
     </span>
     <span class='ocr_line' id='line_1_12' title="bbox 106 1185 1855 1260; baseline -0.001 -19"><span class='ocrx_word' id='word_1_69' title='bbox 106 1193 284 1241; x_wconf 84' lang='lat' dir='ltr'>neant</span> <span class='ocrx_word' id='word_1_70' title='bbox 315 1186 499 1242; x_wconf 84' lang='lat' dir='ltr'>ferme</span> <span class='ocrx_word' id='word_1_71' title='bbox 537 1187 734 1241; x_wconf 92' lang='lat' dir='ltr'>omnia</span> <span class='ocrx_word' id='word_1_72' title='bbox 775 1186 846 1241; x_wconf 90' lang='lat' dir='ltr'>ad</span> <span class='ocrx_word' id='word_1_73' title='bbox 887 1186 1189 1260; x_wconf 85' lang='lat' dir='ltr'>gymnicas</span> <span class='ocrx_word' id='word_1_74' title='bbox 1219 1186 1513 1251; x_wconf 82' lang='lat' dir='ltr'>victoriaS‚</span> <span class='ocrx_word' id='word_1_75' title='bbox 1548 1185 1855 1241; x_wconf 81' lang='lat' dir='ltr'>materiem</span> 
     </span>
     <span class='ocr_line' id='line_1_13' title="bbox 105 1280 1856 1355; baseline -0.001 -18"><span class='ocrx_word' id='word_1_76' title='bbox 105 1288 231 1337; x_wconf 92' lang='lat' dir='ltr'>tum</span> <span class='ocrx_word' id='word_1_77' title='bbox 279 1301 383 1355; x_wconf 90' lang='lat' dir='ltr'>per</span> <span class='ocrx_word' id='word_1_78' title='bbox 425 1300 487 1337; x_wconf 84' lang='lat' dir='ltr'>se-</span> <span class='ocrx_word' id='word_1_79' title='bbox 520 1281 892 1355; x_wconf 84' lang='lat' dir='ltr'>jejuniorem,</span> <span class='ocrx_word' id='word_1_80' title='bbox 924 1288 1054 1336; x_wconf 91' lang='lat' dir='ltr'>tum</span> <span class='ocrx_word' id='word_1_81' title='bbox 1097 1280 1261 1337; x_wconf 92' lang='lat' dir='ltr'>nulla</span> <span class='ocrx_word' id='word_1_82' title='bbox 1299 1281 1621 1337; x_wconf 83' lang='lat' dir='ltr'>admodum</span> <span class='ocrx_word' id='word_1_83' title='bbox 1660 1299 1856 1336; x_wconf 89' lang='lat' dir='ltr'>rerum</span> 
     </span>
     <span class='ocr_line' id='line_1_14' title="bbox 107 1377 1858 1451; baseline 0 -19"><span class='ocrx_word' id='word_1_84' title='bbox 107 1378 388 1433; x_wconf 89' lang='lat' dir='ltr'>varietate</span> <span class='ocrx_word' id='word_1_85' title='bbox 453 1377 831 1433; x_wconf 80' lang='lat' dir='ltr'>distinctam:</span> <span class='ocrx_word' id='word_1_86' title='bbox 902 1383 1168 1451; x_wconf 89' lang='lat' dir='ltr'>superest</span> <span class='ocrx_word' id='word_1_87' title='bbox 1226 1383 1295 1432; x_wconf 93' lang='lat' dir='ltr'>ut</span> <span class='ocrx_word' id='word_1_88' title='bbox 1354 1395 1469 1450; x_wconf 91' lang='lat' dir='ltr'>qua</span> <span class='ocrx_word' id='word_1_89' title='bbox 1534 1377 1858 1451; x_wconf 79' lang='lat' dir='ltr'>poterimus</span> 
     </span>
     <span class='ocr_line' id='line_1_15' title="bbox 104 1472 1856 1548; baseline -0.001 -18"><span class='ocrx_word' id='word_1_90' title='bbox 104 1474 433 1530; x_wconf 85' lang='lat' dir='ltr'>subtilitate</span> <span class='ocrx_word' id='word_1_91' title='bbox 476 1474 707 1530; x_wconf 91' lang='lat' dir='ltr'>abditos</span> <span class='ocrx_word' id='word_1_92' title='bbox 747 1474 872 1548; x_wconf 87' lang='lat' dir='ltr'>ejus</span> <span class='ocrx_word' id='word_1_93' title='bbox 912 1472 1160 1529; x_wconf 86' lang='lat' dir='ltr'>affectus</span> <span class='ocrx_word' id='word_1_94' title='bbox 1205 1474 1552 1540; x_wconf 91' lang='lat' dir='ltr'>odoremur;</span> <span class='ocrx_word' id='word_1_95' title='bbox 1597 1474 1657 1529; x_wconf 90' lang='lat' dir='ltr'>id</span> <span class='ocrx_word' id='word_1_96' title='bbox 1700 1473 1856 1547; x_wconf 92' lang='lat' dir='ltr'>quod</span> 
     </span>
     <span class='ocr_line' id='line_1_16' title="bbox 102 1570 1858 1645; baseline 0.001 -20"><span class='ocrx_word' id='word_1_97' title='bbox 102 1571 187 1626; x_wconf 91' lang='lat' dir='ltr'>ita</span> <span class='ocrx_word' id='word_1_98' title='bbox 235 1570 338 1625; x_wconf 88' lang='lat' dir='ltr'>fiet</span> <span class='ocrx_word' id='word_1_99' title='bbox 385 1570 622 1645; x_wconf 86' lang='lat' dir='ltr'>optime,</span> <span class='ocrx_word' id='word_1_100' title='bbox 670 1570 716 1626; x_wconf 91' lang='lat' dir='ltr'>si</span> <span class='ocrx_word' id='word_1_101' title='bbox 761 1571 1107 1635; x_wconf 78' lang='lat' dir='ltr'>videbimus,</span> <span class='ocrx_word' id='word_1_102' title='bbox 1155 1588 1271 1643; x_wconf 94' lang='lat' dir='ltr'>quo</span> <span class='ocrx_word' id='word_1_103' title='bbox 1317 1570 1480 1644; x_wconf 88' lang='lat' dir='ltr'>quasi</span> <span class='ocrx_word' id='word_1_104' title='bbox 1534 1576 1712 1644; x_wconf 87' lang='lat' dir='ltr'>portu</span> <span class='ocrx_word' id='word_1_105' title='bbox 1762 1589 1858 1626; x_wconf 93' lang='lat' dir='ltr'>ac-</span> 
     </span>
     <span class='ocr_line' id='line_1_17' title="bbox 104 1664 1857 1740; baseline 0.001 -21"><span class='ocrx_word' id='word_1_106' title='bbox 104 1664 403 1738; x_wconf 80' lang='lat' dir='ltr'>quiescere</span> <span class='ocrx_word' id='word_1_107' title='bbox 462 1664 647 1721; x_wconf 88' lang='lat' dir='ltr'>soleat</span> <span class='ocrx_word' id='word_1_108' title='bbox 689 1665 891 1722; x_wconf 88' lang='lat' dir='ltr'>Poesis</span> <span class='ocrx_word' id='word_1_109' title='bbox 943 1666 1084 1740; x_wconf 79' lang='lat' dir='ltr'>ejuS‚</span> <span class='ocrx_word' id='word_1_110' title='bbox 1138 1673 1271 1740; x_wconf 90' lang='lat' dir='ltr'>post</span> <span class='ocrx_word' id='word_1_111' title='bbox 1322 1672 1414 1721; x_wconf 91' lang='lat' dir='ltr'>tot</span> <span class='ocrx_word' id='word_1_112' title='bbox 1465 1665 1742 1740; x_wconf 85' lang='lat' dir='ltr'>ambages</span> <span class='ocrx_word' id='word_1_113' title='bbox 1795 1673 1857 1721; x_wconf 94' lang='lat' dir='ltr'>et</span> 
     </span>
     <span class='ocr_line' id='line_1_18' title="bbox 103 1759 1856 1837; baseline 0.001 -21"><span class='ocrx_word' id='word_1_114' title='bbox 103 1759 393 1828; x_wconf 74' lang='grc' dir='ltr'>ἐνδόσιμας</span> <span class='ocrx_word' id='word_1_115' title='bbox 445 1781 572 1836; x_wconf 83' lang='lat' dir='ltr'>quae</span> <span class='ocrx_word' id='word_1_116' title='bbox 617 1763 986 1837; x_wconf 89' lang='lat' dir='ltr'>potissimum</span> <span class='ocrx_word' id='word_1_117' title='bbox 1037 1770 1258 1837; x_wconf 79' lang='lat' dir='ltr'>quaerat</span> <span class='ocrx_word' id='word_1_118' title='bbox 1306 1761 1687 1829; x_wconf 81' lang='lat' dir='ltr'>diverticula3</span> <span class='ocrx_word' id='word_1_119' title='bbox 1740 1781 1856 1835; x_wconf 95' lang='lat' dir='ltr'>quo</span> 
     </span>
     <span class='ocr_line' id='line_1_19' title="bbox 101 1858 1855 1934; baseline 0 -21"><span class='ocrx_word' id='word_1_120' title='bbox 101 1858 360 1914; x_wconf 82' lang='lat' dir='ltr'>maxime</span> <span class='ocrx_word' id='word_1_121' title='bbox 390 1858 448 1913; x_wconf 89' lang='lat' dir='ltr'>in</span> <span class='ocrx_word' id='word_1_122' title='bbox 480 1866 828 1934; x_wconf 84' lang='lat' dir='ltr'>argumento</span> <span class='ocrx_word' id='word_1_123' title='bbox 859 1859 1068 1915; x_wconf 88' lang='lat' dir='ltr'>ludant</span> <span class='ocrx_word' id='word_1_124' title='bbox 1097 1866 1276 1932; x_wconf 91' lang='lat' dir='ltr'>atque</span> <span class='ocrx_word' id='word_1_125' title='bbox 1301 1858 1576 1914; x_wconf 87' lang='lat' dir='ltr'>exultent</span> <span class='ocrx_word' id='word_1_126' title='bbox 1606 1859 1855 1914; x_wconf 88' lang='lat' dir='ltr'>numeri.</span> 
     </span>
    </p>

    <p class='ocr_par' dir='ltr' id='par_1_6' title="bbox 100 1953 1857 2986">
     <span class='ocr_line' id='line_1_20' title="bbox 186 1953 1855 2030; baseline 0 -21"><span class='ocrx_word' id='word_1_127' title='bbox 186 1953 502 2010; x_wconf 87' lang='lat' dir='ltr'>Noverunt</span> <span class='ocrx_word' id='word_1_128' title='bbox 545 1956 703 2011; x_wconf 91' lang='lat' dir='ltr'>enim</span> <span class='ocrx_word' id='word_1_129' title='bbox 745 1956 992 2030; x_wconf 87' lang='lat' dir='ltr'>experti,</span> <span class='ocrx_word' id='word_1_130' title='bbox 1039 1955 1285 2011; x_wconf 88' lang='lat' dir='ltr'>mirifice</span> <span class='ocrx_word' id='word_1_131' title='bbox 1337 1956 1669 2011; x_wconf 88' lang='lat' dir='ltr'>consentire</span> <span class='ocrx_word' id='word_1_132' title='bbox 1715 1953 1855 2009; x_wconf 89' lang='lat' dir='ltr'>hinc</span> 
     </span>
     <span class='ocr_line' id='line_1_21' title="bbox 102 2050 1856 2125; baseline 0.001 -19"><span class='ocrx_word' id='word_1_133' title='bbox 102 2051 331 2107; x_wconf 91' lang='lat' dir='ltr'>aurium</span> <span class='ocrx_word' id='word_1_134' title='bbox 361 2050 526 2107; x_wconf 89' lang='lat' dir='ltr'>illinc</span> <span class='ocrx_word' id='word_1_135' title='bbox 556 2053 886 2108; x_wconf 91' lang='lat' dir='ltr'>animorum</span> <span class='ocrx_word' id='word_1_136' title='bbox 918 2052 1304 2108; x_wconf 88' lang='lat' dir='ltr'>desiderium:</span> <span class='ocrx_word' id='word_1_137' title='bbox 1351 2051 1624 2108; x_wconf 87' lang='lat' dir='ltr'>liberiore</span> <span class='ocrx_word' id='word_1_138' title='bbox 1654 2051 1856 2125; x_wconf 89' lang='lat' dir='ltr'>itaque</span> 
     </span>
     <span class='ocr_line' id='line_1_22' title="bbox 102 2147 1856 2215; baseline 0.001 -12"><span class='ocrx_word' id='word_1_139' title='bbox 102 2167 251 2204; x_wconf 88' lang='lat' dir='ltr'>vena</span> <span class='ocrx_word' id='word_1_140' title='bbox 299 2147 481 2204; x_wconf 88' lang='lat' dir='ltr'>fluere</span> <span class='ocrx_word' id='word_1_141' title='bbox 531 2150 804 2215; x_wconf 80' lang='lat' dir='ltr'>carmina,</span> <span class='ocrx_word' id='word_1_142' title='bbox 854 2157 915 2206; x_wconf 90' lang='lat' dir='ltr'>et</span> <span class='ocrx_word' id='word_1_143' title='bbox 967 2149 1196 2205; x_wconf 88' lang='lat' dir='ltr'>facilius</span> <span class='ocrx_word' id='word_1_144' title='bbox 1239 2150 1300 2204; x_wconf 91' lang='lat' dir='ltr'>in</span> <span class='ocrx_word' id='word_1_145' title='bbox 1345 2155 1609 2205; x_wconf 89' lang='lat' dir='ltr'>mentem</span> <span class='ocrx_word' id='word_1_146' title='bbox 1657 2148 1856 2204; x_wconf 88' lang='lat' dir='ltr'>venire</span> 
     </span>
     <span class='ocr_line' id='line_1_23' title="bbox 102 2244 1854 2321; baseline -0.001 -20"><span class='ocrx_word' id='word_1_147' title='bbox 102 2263 205 2301; x_wconf 90' lang='lat' dir='ltr'>suo</span> <span class='ocrx_word' id='word_1_148' title='bbox 250 2252 516 2319; x_wconf 89' lang='lat' dir='ltr'>tempore</span> <span class='ocrx_word' id='word_1_149' title='bbox 561 2246 834 2319; x_wconf 77' lang='lat' dir='ltr'>quaesitos</span> <span class='ocrx_word' id='word_1_150' title='bbox 877 2247 1071 2320; x_wconf 81' lang='lat' dir='ltr'>pedeS‚</span> <span class='ocrx_word' id='word_1_151' title='bbox 1119 2245 1386 2321; x_wconf 78' lang='lat' dir='ltr'>syllabaS,</span> <span class='ocrx_word' id='word_1_152' title='bbox 1433 2244 1854 2302; x_wconf 89' lang='lat' dir='ltr'>versiculorum</span> 
     </span>
     <span class='ocr_line' id='line_1_24' title="bbox 102 2337 1855 2415; baseline 0.001 -21"><span class='ocrx_word' id='word_1_153' title='bbox 102 2337 405 2407; x_wconf 82' lang='lat' dir='ltr'>clausulaS,</span> <span class='ocrx_word' id='word_1_154' title='bbox 451 2340 680 2413; x_wconf 87' lang='lat' dir='ltr'>quoties</span> <span class='ocrx_word' id='word_1_155' title='bbox 728 2347 974 2396; x_wconf 89' lang='lat' dir='ltr'>ventum</span> <span class='ocrx_word' id='word_1_156' title='bbox 1021 2349 1111 2397; x_wconf 88' lang='lat' dir='ltr'>est</span> <span class='ocrx_word' id='word_1_157' title='bbox 1162 2341 1236 2396; x_wconf 87' lang='lat' dir='ltr'>ad</span> <span class='ocrx_word' id='word_1_158' title='bbox 1289 2360 1374 2405; x_wconf 87' lang='lat' dir='ltr'>ea,</span> <span class='ocrx_word' id='word_1_159' title='bbox 1421 2360 1549 2415; x_wconf 87' lang='lat' dir='ltr'>quae</span> <span class='ocrx_word' id='word_1_160' title='bbox 1595 2341 1855 2415; x_wconf 82' lang='lat' dir='ltr'>maxime</span> 
     </span>
     <span class='ocr_line' id='line_1_25' title="bbox 101 2435 1857 2511; baseline 0.001 -20"><span class='ocrx_word' id='word_1_161' title='bbox 101 2435 346 2510; x_wconf 91' lang='lat' dir='ltr'>quisque</span> <span class='ocrx_word' id='word_1_162' title='bbox 377 2437 754 2503; x_wconf 87' lang='lat' dir='ltr'>adamaverit,</span> <span class='ocrx_word' id='word_1_163' title='bbox 782 2456 1026 2511; x_wconf 86' lang='lat' dir='ltr'>quaeque</span> <span class='ocrx_word' id='word_1_164' title='bbox 1056 2438 1115 2494; x_wconf 93' lang='lat' dir='ltr'>in</span> <span class='ocrx_word' id='word_1_165' title='bbox 1148 2437 1374 2494; x_wconf 86' lang='lat' dir='ltr'>deliciis</span> <span class='ocrx_word' id='word_1_166' title='bbox 1402 2437 1637 2494; x_wconf 88' lang='lat' dir='ltr'>habeat.</span> <span class='ocrx_word' id='word_1_167' title='bbox 1713 2437 1857 2492; x_wconf 92' lang='lat' dir='ltr'>Pro-</span> 
     </span>
     <span class='ocr_line' id='line_1_26' title="bbox 101 2530 1855 2606; baseline 0.001 -20"><span class='ocrx_word' id='word_1_168' title='bbox 101 2531 259 2586; x_wconf 88' lang='lat' dir='ltr'>fecto</span> <span class='ocrx_word' id='word_1_169' title='bbox 315 2530 544 2587; x_wconf 86' lang='lat' dir='ltr'>felicius</span> <span class='ocrx_word' id='word_1_170' title='bbox 597 2531 1031 2606; x_wconf 91' lang='lat' dir='ltr'>quodammodo</span> <span class='ocrx_word' id='word_1_171' title='bbox 1091 2540 1152 2588; x_wconf 92' lang='lat' dir='ltr'>et</span> <span class='ocrx_word' id='word_1_172' title='bbox 1209 2533 1578 2588; x_wconf 86' lang='lat' dir='ltr'>numerosius</span> <span class='ocrx_word' id='word_1_173' title='bbox 1636 2532 1855 2588; x_wconf 89' lang='lat' dir='ltr'>cadunt</span> 
     </span>
     <span class='ocr_line' id='line_1_27' title="bbox 100 2624 1856 2701; baseline 0.002 -21"><span class='ocrx_word' id='word_1_174' title='bbox 100 2624 448 2700; x_wconf 89' lang='lat' dir='ltr'>plerumque</span> <span class='ocrx_word' id='word_1_175' title='bbox 498 2626 585 2681; x_wconf 90' lang='lat' dir='ltr'>illi</span> <span class='ocrx_word' id='word_1_176' title='bbox 630 2645 846 2693; x_wconf 86' lang='lat' dir='ltr'>versus,</span> <span class='ocrx_word' id='word_1_177' title='bbox 893 2646 1143 2701; x_wconf 91' lang='lat' dir='ltr'>quorum</span> <span class='ocrx_word' id='word_1_178' title='bbox 1196 2629 1318 2683; x_wconf 90' lang='lat' dir='ltr'>sive</span> <span class='ocrx_word' id='word_1_179' title='bbox 1367 2627 1634 2683; x_wconf 89' lang='lat' dir='ltr'>ardentia</span> <span class='ocrx_word' id='word_1_180' title='bbox 1678 2627 1856 2683; x_wconf 88' lang='lat' dir='ltr'>verba</span> 
     </span>
     <span class='ocr_line' id='line_1_28' title="bbox 102 2721 1854 2798; baseline 0.001 -22"><span class='ocrx_word' id='word_1_181' title='bbox 102 2739 205 2776; x_wconf 86' lang='lat' dir='ltr'>seu</span> <span class='ocrx_word' id='word_1_182' title='bbox 254 2721 415 2795; x_wconf 92' lang='lat' dir='ltr'>pleni</span> <span class='ocrx_word' id='word_1_183' title='bbox 461 2741 529 2778; x_wconf 88' lang='lat' dir='ltr'>ac</span> <span class='ocrx_word' id='word_1_184' title='bbox 576 2722 851 2796; x_wconf 91' lang='lat' dir='ltr'>profundi</span> <span class='ocrx_word' id='word_1_185' title='bbox 892 2742 1093 2780; x_wconf 91' lang='lat' dir='ltr'>sensus</span> <span class='ocrx_word' id='word_1_186' title='bbox 1135 2723 1350 2780; x_wconf 88' lang='lat' dir='ltr'>docent</span> <span class='ocrx_word' id='word_1_187' title='bbox 1395 2724 1738 2798; x_wconf 87' lang='lat' dir='ltr'>scriptorem</span> <span class='ocrx_word' id='word_1_188' title='bbox 1783 2742 1854 2778; x_wconf 90' lang='lat' dir='ltr'>eo</span> 
     </span>
     <span class='ocr_line' id='line_1_29' title="bbox 101 2817 1852 2894; baseline 0.002 -23"><span class='ocrx_word' id='word_1_189' title='bbox 101 2823 261 2873; x_wconf 89' lang='lat' dir='ltr'>certe</span> <span class='ocrx_word' id='word_1_190' title='bbox 294 2823 561 2891; x_wconf 87' lang='lat' dir='ltr'>tempore</span> <span class='ocrx_word' id='word_1_191' title='bbox 605 2817 766 2894; x_wconf 93' lang='lat' dir='ltr'>loqui</span> <span class='ocrx_word' id='word_1_192' title='bbox 809 2839 925 2876; x_wconf 91' lang='lat' dir='ltr'>non</span> <span class='ocrx_word' id='word_1_193' title='bbox 965 2838 1041 2876; x_wconf 85' lang='lat' dir='ltr'>ex</span> <span class='ocrx_word' id='word_1_194' title='bbox 1078 2819 1331 2877; x_wconf 88' lang='lat' dir='ltr'>formula</span> <span class='ocrx_word' id='word_1_195' title='bbox 1375 2821 1478 2877; x_wconf 90' lang='lat' dir='ltr'>sed</span> <span class='ocrx_word' id='word_1_196' title='bbox 1523 2840 1601 2877; x_wconf 83' lang='lat' dir='ltr'>ex</span> <span class='ocrx_word' id='word_1_197' title='bbox 1639 2820 1852 2876; x_wconf 91' lang='lat' dir='ltr'>intimo</span> 
     </span>
     <span class='ocr_line' id='line_1_30' title="bbox 100 2919 652 2986; baseline 0.004 -20"><span class='ocrx_word' id='word_1_198' title='bbox 100 2929 365 2985; x_wconf 89' lang='lat' dir='ltr'>puroque</span> <span class='ocrx_word' id='word_1_199' title='bbox 394 2919 652 2986; x_wconf 87' lang='lat' dir='ltr'>pectore.</span> 
     </span>
    </p>

    <p class='ocr_par' dir='ltr' id='par_1_7' title="bbox 101 3006 1851 3276">
     <span class='ocr_line' id='line_1_31' title="bbox 186 3006 1850 3083; baseline 0.001 -20"><span class='ocrx_word' id='word_1_200' title='bbox 186 3006 551 3081; x_wconf 87' lang='lat' dir='ltr'>Expendatis</span> <span class='ocrx_word' id='word_1_201' title='bbox 601 3008 777 3063; x_wconf 89' lang='lat' dir='ltr'>modo</span> <span class='ocrx_word' id='word_1_202' title='bbox 829 3007 1006 3064; x_wconf 88' lang='lat' dir='ltr'>velim</span> <span class='ocrx_word' id='word_1_203' title='bbox 1055 3009 1281 3083; x_wconf 89' lang='lat' dir='ltr'>judicio</span> <span class='ocrx_word' id='word_1_204' title='bbox 1333 3009 1564 3065; x_wconf 89' lang='lat' dir='ltr'>aurium</span> <span class='ocrx_word' id='word_1_205' title='bbox 1614 3028 1850 3065; x_wconf 90' lang='lat' dir='ltr'>carmen</span> 
     </span>
     <span class='ocr_line' id='line_1_32' title="bbox 101 3101 1851 3179; baseline 0.002 -22"><span class='ocrx_word' id='word_1_206' title='bbox 101 3101 337 3176; x_wconf 91' lang='lat' dir='ltr'>aliquod</span> <span class='ocrx_word' id='word_1_207' title='bbox 383 3102 758 3159; x_wconf 90' lang='lat' dir='ltr'>Pindaricum</span> <span class='ocrx_word' id='word_1_208' title='bbox 804 3103 877 3159; x_wconf 88' lang='lat' dir='ltr'>de</span> <span class='ocrx_word' id='word_1_209' title='bbox 922 3104 1355 3161; x_wconf 78' lang='lat' dir='ltr'>celebrioribus,</span> <span class='ocrx_word' id='word_1_210' title='bbox 1445 3103 1578 3160; x_wconf 87' lang='lat' dir='ltr'>Fiat</span> <span class='ocrx_word' id='word_1_211' title='bbox 1624 3106 1851 3179; x_wconf 89' lang='lat' dir='ltr'>pericu-</span> 
     </span>
     <span class='ocr_line' id='line_1_33' title="bbox 103 3196 1661 3276; baseline 0.003 -23"><span class='ocrx_word' id='word_1_212' title='bbox 103 3196 227 3253; x_wconf 93' lang='lat' dir='ltr'>lum</span> <span class='ocrx_word' id='word_1_213' title='bbox 258 3197 350 3254; x_wconf 86' lang='lat' dir='ltr'>vel</span> <span class='ocrx_word' id='word_1_214' title='bbox 380 3199 440 3253; x_wconf 91' lang='lat' dir='ltr'>in</span> <span class='ocrx_word' id='word_1_215' title='bbox 469 3198 571 3254; x_wconf 90' lang='lat' dir='ltr'>illo</span> <span class='ocrx_word' id='word_1_216' title='bbox 602 3198 759 3273; x_wconf 90' lang='lat' dir='ltr'>quod</span> <span class='ocrx_word' id='word_1_217' title='bbox 790 3200 1046 3273; x_wconf 90' lang='lat' dir='ltr'>primum</span> <span class='ocrx_word' id='word_1_218' title='bbox 1077 3199 1299 3276; x_wconf 84' lang='lat' dir='ltr'>legenti</span> <span class='ocrx_word' id='word_1_219' title='bbox 1329 3202 1582 3257; x_wconf 86' lang='lat' dir='ltr'>occurrit</span> <span class='ocrx_word' id='word_1_220' title='bbox 1603 3197 1661 3257; x_wconf 84' lang='lat' dir='ltr'>b:</span> 
     </span>
    </p>
   </div>
   <div class='ocr_carea' id='block_1_6' title="bbox 336 3310 1458 3444">
    <p class='ocr_par' dir='ltr' id='par_1_8' title="bbox 336 3310 1458 3444">
     <span class='ocr_line' id='line_1_34' title="bbox 337 3310 1439 3372; baseline 0.003 -18"><span class='ocrx_word' id='word_1_221' title='bbox 337 3310 517 3368; x_wconf 74' lang='grc' dir='ltr'>ἄριστον</span> <span class='ocrx_word' id='word_1_222' title='bbox 535 3313 614 3369; x_wconf 78' lang='grc' dir='ltr'>μὲν</span> <span class='ocrx_word' id='word_1_223' title='bbox 633 3312 762 3371; x_wconf 79' lang='grc' dir='ltr'>ὕδωρ·</span> <span class='ocrx_word' id='word_1_224' title='bbox 795 3316 819 3356; x_wconf 88' lang='grc' dir='ltr'>ὁ</span> <span class='ocrx_word' id='word_1_225' title='bbox 842 3314 888 3357; x_wconf 78' lang='grc' dir='ltr'>δὲ</span> <span class='ocrx_word' id='word_1_226' title='bbox 907 3313 1088 3372; x_wconf 82' lang='grc' dir='ltr'>χρύσος,</span> <span class='ocrx_word' id='word_1_227' title='bbox 1111 3314 1334 3370; x_wconf 81' lang='grc' dir='ltr'>αἰθόμενον</span> <span class='ocrx_word' id='word_1_228' title='bbox 1353 3317 1439 3371; x_wconf 88' lang='grc' dir='ltr'>πῦρ</span> 
     </span>
     <span class='ocr_line' id='line_1_35' title="bbox 336 3382 1458 3444; baseline 0.003 -18"><span class='ocrx_word' id='word_1_229' title='bbox 336 3382 424 3435; x_wconf 75' lang='grc' dir='ltr'>ὅτε,</span> <span class='ocrx_word' id='word_1_230' title='bbox 448 3384 668 3442; x_wconf 82' lang='grc' dir='ltr'>διαπρέπει</span> <span class='ocrx_word' id='word_1_231' title='bbox 691 3384 821 3436; x_wconf 81' lang='grc' dir='ltr'>νυκτὶ,</span> <span class='ocrx_word' id='word_1_232' title='bbox 842 3387 1078 3443; x_wconf 78' lang='grc' dir='ltr'>μεγάνορος</span> <span class='ocrx_word' id='word_1_233' title='bbox 1097 3386 1231 3444; x_wconf 75' lang='grc' dir='ltr'>ἔξοχα</span> <span class='ocrx_word' id='word_1_234' title='bbox 1251 3385 1458 3430; x_wconf 82' lang='grc' dir='ltr'>πλούτου.</span> 
     </span>
    </p>
   </div>
   <div class='ocr_carea' id='block_1_7' title="bbox 711 3514 1253 3560">
    <p class='ocr_par' dir='ltr' id='par_1_9' title="bbox 711 3514 1253 3560">
     <span class='ocr_line' id='line_1_36' title="bbox 711 3514 1253 3560; baseline 0 -2"><span class='ocrx_word' id='word_1_235' title='bbox 711 3514 728 3540; x_wconf 69' lang='lat' dir='ltr'>b</span> <span class='ocrx_word' id='word_1_236' title='bbox 755 3517 822 3558; x_wconf 74' lang='lat' dir='ltr'>(n.</span> <span class='ocrx_word' id='word_1_237' title='bbox 852 3530 888 3559; x_wconf 94' lang='lat'>1.</span> <span class='ocrx_word' id='word_1_238' title='bbox 917 3530 954 3560; x_wconf 92' lang='lat'>1.</span> <span class='ocrx_word' id='word_1_239' title='bbox 978 3516 1046 3560; x_wconf 86' lang='lat' dir='ltr'>ed.</span> <span class='ocrx_word' id='word_1_240' title='bbox 1074 3516 1253 3560; x_wconf 83' lang='lat' dir='ltr'>Dissen.</span> 
     </span>
    </p>
   </div>
  </div>
 </body>
</html>
