2288 4036
156 299 308 333 PRAEL.
327 296 491 330 xxxn.
573 283 677 328 tum
702 274 882 345 quietis
905 272 1025 341 ejus,
1053 279 1158 324 tum
1182 272 1364 324 nitoris
1382 272 1577 341 qratia.
1797 271 1904 325 655

385 417 506 461 Nam
525 415 697 460 modice
716 414 866 467 fluere,
889 420 1020 471 atque
1040 427 1133 457 uno
1154 427 1285 470 posse
1306 411 1494 456 AEthera
1514 412 1633 464 nisu,

387 489 615 547 Significat
635 487 761 544 ponti
781 501 917 538 mare,
940 492 1060 529 certo
1082 484 1204 543 quod
1223 484 1322 528 fluit
1342 490 1471 536 aestu,

385 562 544 606 Unum
561 559 740 604 labendi
762 572 1029 602 conservans
1050 572 1193 616 usque
1214 563 1429 600 tenorem.

236 673 381 729 Haec
411 691 575 728 more
604 677 839 727 tantum
869 688 988 725 non
1013 667 1397 725 Aristotelico
1422 665 1660 723 extulit.
1722 666 1909 743 Quip-

151 790 224 846 pe
271 767 613 826 Aristotelis
664 767 959 823 sententia
1009 772 1154 831 erat,
1200 763 1347 820 nulli
1399 782 1660 837 unquam
1711 769 1909 819 muta-

151 866 296 923 tioni
331 864 653 921 obnoxium
694 863 818 918 fore
861 879 1054 936 neque
1099 861 1303 917 orbem
1348 878 1666 935 supernum
1711 879 1906 935 neque

151 960 298 1017 ullos
341 960 465 1034 ejus
508 957 727 1015 incolas
748 966 788 1014 ⁶.
858 954 988 1012 Οὐδ’
1033 956 1186 1012 ἔστιν
1230 953 1434 1015 οὐδενὸς·
1480 953 1695 1022 οὐδεμία
1738 980 1908 1021 μετα-

149 1055 295 1127 βολὴ
346 1058 453 1111 τῶν
503 1050 608 1109 ὑπὸ
660 1053 759 1119 τὴν
810 1049 1067 1129 ἐξωτάτω
1117 1051 1467 1126 τεταγμένων
1513 1048 1715 1130 φοράν·
1771 1052 1906 1109 ἀλλ’

150 1151 496 1208 ἀναλλοίωτα
532 1150 617 1206 καὶ
655 1150 859 1217 ἀπαθῆ,
889 1149 987 1215 τὴν
1017 1148 1250 1227 ἀρίστην
1279 1148 1485 1225 ἔχοντα
1524 1145 1660 1229 ζώην
1689 1148 1775 1204 καὶ
1804 1148 1905 1215 τὴν

148 1244 592 1326 αὐταρκεστάτην
623 1244 864 1306 διατελεῖ
890 1243 992 1302 τὸν
1020 1243 1244 1302 ἅπαντα
1275 1246 1455 1301 αἰῶνα.
1543 1243 1719 1301 Adeo
1751 1264 1906 1302 som-

147 1344 435 1401 niantium
494 1362 728 1418 quoque
794 1341 1276 1417 philosophorum
1342 1340 1561 1416 placita
1619 1340 1903 1398 divinitus

148 1439 580 1514 quodammodo
636 1458 754 1514 prae
812 1457 874 1494 se
932 1437 1200 1494 ferebant
1259 1435 1749 1513 significationem
1802 1436 1908 1493 ali-

148 1554 323 1609 quam
354 1535 738 1591 sanetissimae
771 1534 1055 1591 veritatis,

231 1631 447 1707 Neque
485 1631 600 1688 alio
643 1631 940 1707 pertinere
983 1629 1281 1686 videbitur
1325 1630 1711 1686 decantatum
1756 1628 1905 1685 illud

146 1728 220 1784 de
250 1727 381 1786 Diis
411 1728 653 1803 Epicuri
684 1746 921 1784 carmen
947 1723 979 1782 f.

311 1857 314 1859 ·
381 1842 542 1887 Omnis
565 1842 683 1885 enim
705 1856 781 1899 per
803 1856 849 1885 se
872 1841 1043 1885 Divum
1063 1848 1222 1884 natura
1242 1854 1424 1883 necesse
1445 1847 1511 1883 est

381 1915 627 1959 Immortali
649 1929 744 1958 aevo
767 1929 943 1958 summa
963 1929 1068 1957 cum
1088 1927 1195 1970 pace
1215 1913 1403 1956 fruatur.

379 1987 499 2030 Nam
518 1987 689 2044 privata
709 1986 861 2030 dolore
882 1987 1019 2038 omni,
1041 1986 1212 2043 privata
1231 1985 1422 2042 periclis,

381 2058 486 2115 Ipsa
507 2059 598 2102 suis
620 2059 790 2116 pollens
812 2058 988 2116 opibus,
1011 2057 1122 2101 nihil
1141 2057 1294 2115 indiga
1314 2057 1471 2108 nostri,

379 2131 475 2175 Nec
496 2131 608 2175 bene
628 2130 879 2189 promeritis
902 2130 1086 2187 capitur,
1110 2144 1190 2174 nec
1211 2130 1410 2187 tangitur
1430 2129 1510 2172 ira.

229 2231 426 2300 Porr0,
458 2233 558 2308 qui
588 2239 712 2289 tam
743 2232 955 2307 cupido
987 2251 1161 2288 eursu
1200 2229 1429 2306 prosilit
1460 2229 1902 2305 quodammodo

145 2329 206 2385 in
235 2329 490 2404 spatium
524 2329 697 2386 inane
728 2327 1022 2397 caelorum,
1049 2329 1266 2385 mirum
1308 2327 1368 2383 ni
1413 2328 1571 2383 idem
1608 2326 1904 2403 praecipue

144 2426 399 2501 gaudeat
434 2425 566 2482 luce
603 2426 783 2482 etiam
822 2444 1026 2482 eorum
1067 2434 1129 2481 et
1173 2424 1424 2499 simplici
1469 2425 1680 2480 nitore.
1770 2422 1905 2491 Qua

145 2519 206 2576 in
255 2521 501 2578 materie
558 2522 900 2596 primarium
950 2521 1098 2577 illud
1146 2521 1219 2576 de
1272 2520 1554 2576 continuo
1606 2518 1903 2575 radiorum

145 2615 344 2686 fluxu3
390 2619 547 2693 quod
587 2619 784 2686 etiam,
826 2619 979 2675 sieut
1022 2616 1213 2673 multa
1256 2617 1413 2692 apud
1456 2623 1745 2683 nostrum,
1782 2634 1903 2671 non

145 2714 299 2770 male
329 2716 613 2790 quadrare
643 2714 878 2771 videtur
906 2733 1038 2772 eum
1077 2714 1362 2771 hodierna
1391 2713 1768 2790 physicorum
1810 2731 1900 2768 ra-

146 2810 307 2868 tione
324 2820 368 2867 ὃ.

617 2890 932 2949 Quodcunque
953 2890 1052 2934 fluit
1074 2889 1129 2933 de
1148 2889 1298 2941 rebus,
1320 2888 1367 2932 id
1388 2904 1520 2933 omne

378 2962 508 3006 Aeris
529 2962 577 3006 in
596 2977 814 3021 magnum
833 2963 973 3006 fertur
992 2977 1138 3006 mare:
1172 2962 1250 3020 qui
1270 2962 1357 3005 nisi
1379 2969 1534 3005 contra

382 3033 580 3092 Corpora
598 3035 812 3079 retribuat
832 3035 981 3087 rebus,
1003 3041 1254 3092 recreetque
1274 3034 1477 3086 fluentes,

380 3106 547 3151 Omnia
560 3107 654 3165 jam
674 3108 869 3151 resoluta
888 3107 1047 3158 forent,
1067 3113 1110 3149 et
1131 3106 1177 3149 in
1199 3109 1300 3150 a‘eLra
1319 3121 1461 3151 versa.

381 3177 520 3221 Haud
539 3178 676 3235 igitur
697 3185 838 3222 cessat
858 3178 984 3236 gigni
1004 3177 1059 3221 de
1079 3177 1228 3229 rebUS,
1251 3187 1294 3221 et
1313 3178 1361 3221 in
1381 3192 1452 3221 res

380 3248 590 3292 Recidere
610 3249 801 3302 assidue,
825 3250 1036 3308 quoniam
1056 3249 1191 3293 fluere
1211 3250 1361 3293 omnia
1381 3256 1569 3293 constat.

379 3320 553 3378 Largus
572 3322 680 3366 item
699 3321 857 3380 liquidi
875 3321 978 3365 fons
999 3321 1195 3373 luminis,
1218 3321 1450 3366 AEtherius
1473 3322 1566 3374 Sol,

377 3391 539 3450 Irrigat
560 3392 738 3437 assidua
758 3393 917 3437 caelum
938 3392 1128 3436 candore
1148 3394 1327 3445 recenti,

381 3462 730 3522 Suppeditatque
750 3478 867 3508 novo
889 3464 1122 3508 confestim
1142 3465 1309 3509 lumine
1328 3466 1495 3509 lumen.

201 3616 221 3634 ⁴
242 3610 310 3654 De
331 3610 510 3654 Mundo.
806 3611 819 3635 f
838 3611 968 3655 Lucr.
998 3626 1034 3654 1.
1060 3622 1131 3669 57.
1430 3619 1454 3650 g
1475 3611 1586 3655 Ibid.
1610 3626 1651 3654 v.
1677 3611 1776 3668 276.
