2288 4036
317 168 428 224 636
658 171 966 236 Theocritm,
997 170 1361 224 Pastoralz’um
1388 171 1712 225 Proecursor.
1798 191 2118 226 munh-XXXI.

318 326 381 376 et
440 318 782 376 uberiorem
843 318 1083 387 dicendi
1152 320 1470 378 materiem
1532 320 1800 379 habebit.
1915 320 2119 380 Nemo

317 418 527 485 nescit,
575 417 651 474 ad
696 415 857 474 illius
907 418 1129 494 scripta
1174 417 1343 476 velut
1396 419 1471 476 ad
1517 419 1750 477 fontem
1802 420 2121 478 accessisse

320 515 670 595 Virgilium,
703 535 842 573 cum
875 516 1136 593 primum
1169 517 1443 574 carmina
1465 517 1711 576 diceret.

620 637 775 682 Prima
797 637 1036 697 Syracosio
1059 638 1244 697 dignata
1265 646 1333 683 est
1355 638 1512 684 ludere
1534 655 1671 685 versu

619 712 806 765 Nostra,
831 727 914 757 nec
937 712 1120 757 erubuit
1142 714 1293 772 sylvas
1315 713 1534 767 habitare,
1554 714 1729 759 Thalia.

321 817 467 877 Sine
497 818 638 876 fuco
670 825 733 876 et
765 818 1016 877 fallaciis
1041 819 1366 878 Theocrito
1391 819 1589 877 defert
1620 820 1967 879 inveniendi
1998 819 2125 898 pal-

315 938 499 988 mam,
548 937 611 977 se
659 918 1030 976 imitatorem
1076 919 1259 977 modo
1302 919 1644 996 profitetur.
1736 919 1915 989 Quod
1961 920 2125 979 idem

317 1025 492 1076 sonat
544 1017 703 1095 apud
759 1038 900 1077 eum
964 1019 1194 1077 mentio
1239 1019 1426 1077 toties
1478 1019 1739 1096 repetita
1791 1017 2014 1078 Siciliae
2060 1027 2124 1078 et

319 1116 661 1175 Sicularum
715 1116 1056 1176 Musarum.
1148 1117 1349 1175 Immo
1399 1117 1691 1176 Bucolica
1742 1119 1890 1196 ejus,
1935 1119 2127 1177 maxi—

317 1235 482 1274 mam
512 1224 770 1294 partem,
796 1217 872 1275 de
898 1215 1131 1294 Idylliis
1162 1217 1397 1275 desumi
1423 1218 1733 1287 videmus;
1779 1237 1977 1294 neque
2008 1218 2127 1276 sin-

317 1315 462 1394 gula
506 1323 747 1374 tantum
797 1316 1037 1374 dicendi
1077 1323 1451 1384 ornamenta,
1490 1323 1553 1375 et
1590 1316 1820 1374 lumina
1866 1316 1964 1376 hic
2002 1316 2126 1376 illic

319 1416 604 1495 inspersa,
637 1436 848 1475 verum
888 1416 1074 1474 etiam
1122 1417 1462 1476 universam
1510 1417 1843 1475 carminum
1878 1418 2128 1495 junctu-

320 1536 448 1575 ram
482 1525 665 1593 atque
700 1516 995 1575 ordinem.

410 1616 634 1693 Neque
678 1636 818 1674 vero
865 1614 1028 1674 solus
1067 1614 1461 1674 Theocritum
1504 1615 1782 1674 imitatur
1818 1614 2128 1694 Virgilius,

321 1734 534 1773 verum
580 1723 651 1773 ut
697 1714 1042 1774 Homerum
1091 1714 1283 1793 Epici,
1331 1715 1416 1774 sic
1462 1716 1565 1792 qui
1609 1714 1948 1793 pastoralia,
1990 1737 2128 1794 quae

322 1822 635 1885 vocantur,
669 1815 1012 1873 scribebant
1044 1815 1326 1885 carmina,
1362 1814 1644 1872 videntur
1673 1815 1750 1873 ad
1781 1835 1970 1873 unum
2003 1836 2132 1874 om-

321 1934 429 1973 nes
469 1914 633 1972 hunc
680 1914 793 1972 sibi
840 1915 1219 1992 proposuisse
1250 1913 1580 1992 exemplar.
1671 1914 1769 1973 Ex
1800 1934 1920 1992 quo
1951 1915 2131 1973 intel-

322 2013 427 2093 ligi
459 2014 659 2082 debet,
692 2014 973 2073 incidisse
1014 2013 1188 2072 illum
1221 2014 1512 2072 divinitus
1542 2015 1606 2072 in
1637 2035 1771 2073 eam
1803 2016 1972 2092 quasi
2015 2015 2132 2074 for-

323 2113 571 2182 mulam,
614 2132 746 2190 quae
792 2114 1023 2190 optime
1069 2113 1422 2172 colonorum
1468 2133 1684 2183 moreS,
1730 2115 1948 2185 studia,
1997 2114 2132 2173 reli-

322 2214 551 2293 gioneS,
585 2215 774 2272 immo
807 2223 869 2272 et
901 2215 1150 2273 facetias
1182 2235 1421 2292 quoque
1451 2222 1656 2292 posset
1687 2216 2045 2292 exprimere.

412 2315 565 2385 Quae
598 2334 736 2373 cum
777 2315 865 2373 ita
901 2315 1038 2384 sint,
1070 2314 1232 2373 haud
1278 2315 1495 2392 injuria
1526 2315 1776 2373 fortasse
1812 2315 2132 2384 miremini,

325 2414 471 2491 quid
512 2414 606 2483 sit,
639 2414 802 2491 quod
850 2422 1022 2472 tanto
1065 2415 1192 2472 viro
1234 2414 1527 2487 secundas
1571 2415 1753 2473 modo
1790 2415 2134 2473 committa-

325 2533 462 2572 mus
507 2522 743 2592 partes3
790 2534 989 2592 neque
1026 2534 1135 2573 suo
1169 2514 1329 2591 jure,
1361 2515 1466 2572 sed
1508 2521 1750 2573 tantum
1785 2521 1857 2573 ut
1887 2513 2133 2592 Virgilii

326 2614 634 2684 asseclam,
666 2614 850 2672 choro
895 2614 1317 2691 primariorum
1350 2613 1678 2672 Poetarum
1710 2620 1996 2691 putemus
2031 2613 2135 2672 ad-

327 2714 733 2773 scribendum.
825 2715 920 2772 Ac
974 2713 1169 2772 fateor
1220 2711 1504 2791 equidem
1557 2733 1680 2771 non
1726 2713 1950 2777 deesse,
1996 2732 2134 2789 quae

328 2815 381 2892 ej
391 2834 457 2873 us
477 2834 719 2873 causam
743 2833 1110 2893 magnopere
1135 2813 1561 2872 commendare
1581 2812 1916 2870 videantur.
1968 2810 2134 2869 Nam

328 2920 393 2971 et
424 2933 496 2972 ea
526 2934 664 2991 quae
711 2913 893 2971 modo
933 2913 1214 2981 dixinmS‚
1246 2931 1530 2990 magnam
1569 2910 1799 2969 habent
1840 2909 2136 2988 significa-

330 3014 561 3071 tionem
593 3014 777 3071 animi
809 3014 870 3071 in
903 3032 1038 3072 suas
1066 3012 1312 3070 delicias
1344 3012 1564 3070 intenti
1596 3019 1659 3068 et
1690 3010 1939 3069 arrecti:
1973 3008 2135 3086 quod

330 3113 526 3190 primo
564 3113 880 3171 excuderit
922 3112 1034 3170 sibi
1066 3112 1367 3188 quandam
1400 3110 1569 3187 quasi
1600 3109 1907 3176 fabricam,
1938 3108 2135 3165 inten-

331 3219 524 3270 tatam
555 3219 716 3279 ante,
742 3211 1285 3289 pulcherrimorum
1319 3210 1688 3268 carminum:
1736 3208 1955 3266 deinde
1973 3207 2135 3285 quod

333 3312 602 3371 venturis
627 3311 907 3370 omnibus
937 3311 1227 3389 magister
1255 3310 1355 3368 hic
1386 3309 1548 3368 solus
1576 3308 1852 3366 extiterit
1876 3314 1941 3366 et
1966 3326 2137 3365 mon-

333 3418 556 3471 strator
591 3410 843 3468 itineris.
935 3409 1101 3479 Quin
1138 3417 1202 3468 et
1244 3408 1495 3467 tertium
1536 3407 1780 3484 aliquod
1828 3423 2135 3483 superesse

334 3509 626 3588 intelligo,
658 3509 819 3586 quod
858 3509 976 3566 dici
1016 3509 1204 3586 possit
1235 3508 1297 3566 in
1329 3509 1544 3591 eodem
1576 3513 1970 3585 argumento:
2015 3522 2135 3580 quo

335 3612 499 3671 soleo
531 3611 813 3688 equidem
844 3611 1036 3688 magis
1067 3611 1452 3669 commoveri.
1541 3609 1821 3667 Invenias
1851 3605 2134 3666 nimirum

2274 3755 2288 3885 ew—mw-
2276 3736 2283 3746 ¹—
2276 3716 2283 3726 ν·
2275 3687 2282 3698 2
2280 3559 2281 3563 „
