2288 4036
235 291 392 325 PRAEL.
407 293 571 326 XXXV.
599 273 743 343 quale
766 272 944 324 habent
964 271 1193 339 Physica
1218 271 1370 322 etiam
1395 277 1440 321 et
1461 269 1841 321 Mathematica.
1880 270 1980 324 711

234 414 502 489 religiosa
548 414 817 480 formido,
863 432 1040 487 quam
1100 412 1181 468 ait
1233 411 1601 491 commisceri
1660 429 1793 465 cum
1849 411 1986 465 doc-

233 511 404 566 trinae
445 510 837 584 jucunditate,
891 509 1000 564 nisi
1047 508 1183 581 quia
1233 525 1399 562 mens
1446 505 1602 561 ultro
1655 504 1763 561 sibi
1813 505 1983 580 fingit

233 605 539 660 obscuram
591 604 844 677 aliquam
893 611 1071 676 atque
1118 603 1404 657 infinitam
1455 602 1589 666 vim,
1635 619 1770 674 quae
1822 601 1983 655 omni

235 699 361 755 loco
393 719 458 755 ac
490 707 757 773 tempore
788 698 981 755 adsit?
1028 696 1162 753 Hoc
1193 703 1389 753 autem
1419 697 1630 770 ecquid
1662 696 1774 751 erit
1803 694 1983 761 aliud,

232 803 409 868 atque
440 796 684 851 obscure
714 813 781 850 ac
814 794 1067 849 latenter
1106 812 1420 868 agnoscere
1453 791 1684 848 DEUM?
1773 791 1982 856 DEUM,

234 895 488 966 inquam,
534 892 718 958 illum,
765 893 863 966 qui
912 910 1002 947 res
1053 891 1360 946 hominum
1406 909 1522 945 non
1563 890 1798 963 penitus
1844 908 1988 963 prae-

234 996 422 1044 tereat
461 1008 528 1045 ac
574 988 849 1064 negligat.
938 986 1182 1061 Alioqui
1224 1006 1341 1042 non
1387 986 1659 1060 equidem
1696 984 1985 1060 intelligo,

233 1104 336 1140 cur
361 1092 526 1140 metu
551 1091 993 1141 commoveatur
1023 1083 1246 1157 aliquis,
1273 1083 1505 1156 quoties
1535 1082 1644 1138 sibi
1669 1082 1896 1137 venerit
1927 1082 1991 1136 iu-

232 1188 495 1235 mentem
537 1199 816 1254 maguum
847 1179 992 1234 illud
1027 1178 1393 1234 Profundum
1428 1175 1692 1243 Naturae,
1726 1178 1983 1251 verique.

237 1275 451 1349 Neque
482 1276 670 1339 vide0‚
703 1275 820 1330 tale
852 1274 1069 1347 aliquid
1103 1293 1211 1329 usu
1244 1274 1442 1329 venire
1472 1272 1587 1328 illis
1630 1272 1983 1339 hominibUS,

232 1371 332 1444 qui
381 1372 576 1446 magni
630 1383 690 1426 et
741 1371 999 1445 praeclari
1052 1369 1161 1426 sibi
1209 1370 1483 1424 videntur
1534 1369 1646 1424 hoc
1699 1375 1984 1443 tempore,

233 1465 546 1522 metientes
601 1485 790 1521 rerum
845 1473 1114 1523 naturam
1158 1464 1394 1538 Epicuri
1436 1464 1693 1520 modu10.
1786 1464 1985 1521 Nemo

234 1561 512 1626 omnium,
560 1562 714 1634 quod
769 1561 966 1627 sciam,
1019 1560 1393 1626 contremuit,
1447 1578 1622 1615 nemo
1675 1559 1992 1615 formidine

233 1656 495 1712 imbutus
547 1656 770 1722 caelum,
818 1665 1017 1720 terraS,
1070 1675 1232 1712 mare
1280 1657 1606 1730 spectavit:
1664 1674 1768 1730 pro
1822 1663 1984 1711 certo

232 1751 448 1810 habere
486 1753 816 1817 credideris,
848 1753 908 1807 in
940 1752 1050 1807 hoc
1081 1758 1248 1807 tanto
1279 1752 1481 1807 mundi
1525 1751 1714 1824 spatio
1754 1750 1982 1807 nullum

232 1844 404 1919 plane
463 1845 743 1920 angulum
797 1846 938 1910 fore,
987 1865 1162 1920 quem
1223 1865 1341 1900 nou
1398 1845 1703 1920 explorare
1762 1847 1986 1920 possint

232 1941 357 2014 ipsi,
387 1941 564 1996 modo
595 1941 734 1997 satis
774 1940 1016 2016 longum
1049 1942 1223 1996 detur
1257 1941 1394 1996 vitae
1426 1939 1800 1996 curriculum.
1890 1939 1983 1995 Ex

232 2055 348 2110 quo
379 2035 644 2100 efficitur,
672 2037 880 2110 privari
914 2055 1013 2092 eos
1045 2055 1148 2092 sua
1171 2056 1465 2110 quemque
1497 2045 1557 2091 et
1589 2036 1985 2092 delectatione

232 2138 294 2187 et
334 2130 506 2187 laude
551 2133 785 2187 eximia.
884 2132 1031 2199 Quis
1084 2133 1258 2198 enim,
1304 2131 1563 2187 humana
1606 2131 1819 2197 indole,
1867 2151 1985 2187 non

231 2225 400 2282 malit
445 2227 686 2283 infinitae
731 2228 1008 2283 doctrinae
1045 2227 1137 2283 vel
1173 2228 1234 2282 in
1274 2228 1476 2302 primis
1523 2229 1734 2283 versari
1783 2228 1983 2293 initiis,

232 2341 406 2395 quam
439 2323 618 2379 finitae
651 2330 712 2378 et
742 2331 1003 2398 angustae
1034 2323 1333 2398 fastigium
1373 2323 1511 2379 licet
1542 2324 1982 2380 exactissimum

232 2418 572 2492 imponere?

317 2512 411 2569 Ex
452 2513 560 2570 hac
591 2515 797 2588 utique
843 2522 1009 2589 parte
1053 2535 1171 2571 non
1202 2524 1362 2572 caret
1393 2535 1495 2572 sua
1526 2517 1776 2589 quadam
1812 2516 1984 2573 Poesi

233 2627 306 2663 ne
351 2608 671 2665 abstrusior
700 2610 937 2683 quidem
968 2610 1070 2667 illa
1099 2611 1652 2667 mathematicorum
1684 2631 1774 2667 ars
1805 2620 1866 2668 et
1896 2633 1996 2669 ra-

232 2705 334 2769 tio,
366 2705 584 2759 nedum
630 2723 850 2770 eorum,
883 2706 981 2779 qui
1027 2707 1086 2761 in
1132 2707 1370 2781 physica
1408 2692 1774 2774 exercentur,
1805 2717 1984 2783 atque

233 2800 292 2854 in
323 2806 568 2856 externa
596 2800 705 2856 hac
737 2809 1022 2857 terrarum
1054 2802 1302 2876 caelique
1333 2803 1789 2877 pulchritudine.
1874 2804 1983 2862 Est

232 2895 292 2949 in
324 2901 574 2968 utroque
603 2914 818 2970 genere
849 2897 1003 2970 quod
1035 2898 1220 2972 magis
1261 2917 1327 2954 ac
1370 2900 1554 2974 magis
1594 2900 1841 2955 miretur
1876 2884 1985 2956 {li-

231 2990 376 3062 quiS‚
409 2990 565 3062 quod
610 3001 995 3064 prosequatur
1035 3011 1171 3048 cum
1209 3012 1406 3049 amore
1438 3001 1498 3049 et
1530 2995 1833 3062 desideriO,
1866 3016 1982 3070 quo

231 3085 291 3140 in
328 3104 537 3141 arcana
580 3088 774 3142 nescio
807 3106 940 3161 quae
977 3089 1164 3162 spatia
1202 3089 1371 3144 evehi
1403 3096 1464 3145 et
1495 3091 1707 3146 abduci
1739 3109 1800 3146 se
1831 3092 1983 3149 sinat

229 3181 496 3237 animus:
559 3180 1005 3238 Mathematicis
1049 3183 1326 3240 videlicet
1373 3203 1492 3251 sua,
1530 3204 1706 3259 quam
1749 3195 1979 3251 vocant,

231 3273 541 3350 Analogia,
588 3277 926 3351 abditaeque
973 3297 1349 3334 numerorum
1391 3287 1452 3335 et
1503 3281 1979 3356 magnitudinum

231 3369 503 3435 rationeS,
552 3370 668 3426 alia
717 3379 850 3445 post
901 3371 1075 3428 aliam
1121 3373 1182 3428 in
1221 3374 1515 3430 infinitum
1561 3382 1979 3431 excurrentes:

234 3462 512 3537 Physicis,
539 3466 990 3522 similitudinum
1022 3468 1227 3543 ingens
1257 3470 1440 3544 copia,
1474 3471 1855 3545 plurimaeque
1886 3490 1983 3526 oc-

229 3557 522 3615 cultarum
568 3562 778 3617 virium
823 3563 1293 3638 significationes.
1383 3565 1714 3640 Utramque
1750 3566 1983 3640 provin-
