2288 4036
336 181 448 235 546
706 185 918 237 Monita
947 178 1202 246 Arcesilce
1228 205 1262 239 a
1290 185 1529 240 Pindaro
1557 186 1700 242 data.
1780 210 1940 244 PRAEL.
1964 212 2139 246 xxvu.

340 338 556 410 Graeci,
593 339 686 398 vel
719 349 967 418 propter
1001 361 1284 420 responsa
1331 345 1792 403 vaticinantium
1825 347 1920 405 vel
1967 368 2144 425 prop-

335 443 431 495 ter
461 438 733 496 Deorum
768 460 845 497 ex
878 440 1061 518 adyto
1094 460 1272 499 voces
1292 438 1343 498 k.

577 586 712 644 γνῶθι
735 590 811 631 νῦν
832 588 910 631 τᾶν
935 585 1151 632 Οἰδιπόδα
1173 588 1356 646 σοφίαν·
1386 575 1425 632 εἶ
1455 589 1541 648 γάρ
1573 608 1640 636 τις
1671 588 1797 645 ὄζους
1829 590 2032 652 ὀξυτόμῳ
2063 610 2142 636 πε-

639 659 759 703 λέκει

578 731 808 792 ἐξερείψαι
830 752 904 779 κεν
922 734 1119 793 μεγάλας
1141 734 1287 792 δρυὸς,
1310 732 1516 793 αἷσχῦνοι
1539 735 1586 779 δὲ
1609 736 1650 778 οἱ
1673 735 1835 792 θαητὸν
1856 733 1988 789 εἶδος,

576 805 646 849 καὶ
668 805 971 865 φθινόκαρπος
992 807 1120 852 ἐοῖσα
1143 807 1258 852 διδοῖ
1277 807 1443 866 ψᾶφον
1463 806 1558 866 περ’
1584 808 1717 854 αὐτᾶς

576 876 744 923 εἴποτε
763 879 987 938 χειμέριον
1006 884 1095 940 πῦρ
1118 880 1311 938 ἐξίκηται
1332 881 1552 926 λοίσθιον·

575 952 600 1010 ἢ
624 952 708 998 σὺν
730 954 882 1012 ὀρθαῖς
903 956 1130 1000 κιόνεσσιν
1152 953 1504 1000 δεσποσύναισιν
1526 953 1777 1014 ἐρειδομένα

571 1027 745 1087 μόχθον
765 1028 923 1075 ἄλλοις
943 1029 1141 1088 ἀμφέπει
1163 1028 1382 1074 δύστανον
1404 1028 1449 1074 ἐν
1470 1029 1683 1087 τείχεσιν,

575 1101 649 1145 ἑὸν
670 1101 959 1160 ἐρημώσαισα
978 1107 1142 1162 χῶρον.

328 1234 631 1312 Equidem
677 1236 849 1306 illud,
885 1236 1169 1317 χειμέριον
1200 1242 1330 1318 πῦρ,
1363 1237 1613 1314 accipio,
1645 1255 1767 1293 non
1810 1243 1880 1294 ut
1928 1255 2141 1295 omnes

327 1355 478 1412 quos
530 1336 783 1415 legerim
834 1337 1083 1413 quidem
1135 1337 1518 1414 interpretes,
1573 1336 1649 1393 de
1704 1336 1919 1393 robore
1971 1342 2141 1393 secto

327 1445 512 1512 atque
542 1437 605 1494 in
635 1436 841 1514 ignem
887 1436 1181 1496 adhibito,
1274 1436 1348 1494 Id
1381 1456 1595 1494 vereor
1622 1455 1699 1492 ne
1731 1433 1809 1492 sit
1841 1434 1939 1492 hic
1970 1435 2141 1512 inep-

326 1536 482 1595 tius:
533 1534 716 1614 (quod
766 1537 926 1595 bona
971 1555 1120 1613 pace
1165 1536 1484 1594 doctorum
1524 1535 1789 1592 virorum
1833 1534 2138 1612 dixerim.)

329 1633 569 1695 Verum
623 1621 708 1695 sic
761 1636 1104 1714 intelligere
1157 1635 1359 1693 soleo:
1421 1634 1694 1711 stipitem
1743 1632 1842 1691 vel
1895 1632 2138 1690 nudatae

328 1750 602 1812 quercuS,
635 1725 741 1793 ubi
774 1736 849 1794 de
881 1735 1032 1795 caelo
1070 1742 1373 1813 tangatur,
1407 1735 1549 1792 dare
1579 1740 1789 1791 tamen
1831 1732 2138 1809 specimen

327 1835 414 1892 sui
464 1835 716 1892 minime
767 1836 1039 1904 dubium,
1089 1835 1227 1893 fisso
1282 1834 1527 1902 cortice,
1573 1832 1891 1910 lignisque,
1935 1838 2004 1888 ut
2048 1830 2138 1899 fit,

328 1935 574 1992 cavatis,
667 1934 775 1993 Sin
822 1936 898 1993 de
946 1934 1081 1993 loco
1122 1934 1470 1992 movebitur
1523 1933 1755 1999 eadem,
1801 1931 2028 2006 fietque
2073 1930 2137 1987 in

328 2034 556 2091 aedibus
587 2033 840 2111 alicujus
883 2053 990 2092 seu
1030 2033 1196 2091 trabs
1228 2034 1353 2091 sive
1385 2024 1687 2100 columna,
1720 2049 1895 2088 suum
1929 2016 2136 2086 tamen

326 2131 478 2189 illud
525 2133 806 2204 servabit,
837 2140 908 2191 ut
952 2153 1072 2210 prae
1111 2140 1328 2190 caetera
1365 2131 1530 2188 omni
1571 2129 1826 2187 materie
1867 2129 2041 2186 firma
2072 2134 2136 2185 et

326 2234 450 2290 fixa
478 2240 723 2291 maneat
754 2233 817 2290 in
849 2238 1013 2291 statu
1045 2239 1170 2290 suo,
1263 2230 1445 2300 Quod
1487 2235 1695 2287 autem
1729 2226 2002 2285 δύστανον
2033 2246 2137 2303 ap-

326 2332 515 2409 pellat
546 2332 771 2412 μόχΘον
795 2331 892 2390 vel
922 2331 1146 2389 arentis
1176 2330 1325 2408 ligni
1356 2329 1419 2386 in
1450 2327 1577 2386 solo
1602 2327 1799 2386 alieno
1831 2333 2135 2394 navatam,

326 2432 546 2490 videtis
586 2432 663 2490 ab
694 2451 767 2489 eo
798 2430 1033 2508 praeripi
1067 2429 1515 2507 quodammodo
1562 2426 1975 2485 similitudinis
2006 2426 2136 2502 ejus

326 2551 509 2608 quam
548 2539 769 2590 vocant
805 2528 1102 2588 ἀπόδοσιν.
1194 2528 1361 2587 Nam
1403 2546 1544 2585 vere
1589 2526 1773 2584 miser
1817 2532 1946 2583 erat
1990 2524 2136 2582 exul

325 2630 749 2708 Damophilus,
794 2650 918 2687 non
962 2629 1140 2688 arbor
1183 2629 1317 2686 ista.
1409 2625 1832 2703 DamophiluS‚
1863 2624 2134 2701 inquam,

326 2750 507 2808 quem
535 2730 832 2788 Pindarus
861 2729 956 2787 his
981 2727 1222 2786 occulte
1246 2727 1456 2785 laudat
1484 2746 1553 2783 ac
1577 2726 1765 2783 tradit
1789 2723 2133 2793 Arcesilam

325 2821 613 2888 videlicet
646 2837 954 2887 extorrem
987 2834 1135 2885 tunc
1166 2826 1458 2903 temporis
1494 2825 1681 2901 ipsius
1714 2824 1934 2882 edicto,
2027 2823 2138 2882 Se-

326 2936 597 3006 quuntur
635 2929 868 2986 monita
906 2926 1276 3005 gravissima,
1308 2926 1497 2982 immo
1530 2923 1748 3000 quibus
1785 2924 2135 2982 continetur

327 3049 565 3089 summa
616 3029 806 3087 ferme
859 3028 1048 3086 totius
1099 3026 1348 3085 rationis
1400 3043 1627 3092 eorum,
1678 3023 1781 3101 qui
1838 3030 2134 3082 vocantur

327 3128 671 3209 optimates,

506 3255 593 3315 χρὴ
619 3254 819 3312 μαλάκαν
843 3253 955 3312 χέρα
974 3251 1330 3312 προσβάλλοντα
1348 3251 1529 3309 ’τρώμαν
1550 3247 1710 3295 ἕλκεος
1731 3247 2018 3306 ἀμφιπολεῖν·
2052 3245 2131 3305 ῥά-

411 3328 414 3330 ’
455 3330 458 3333 ’
569 3329 664 3373 διον
683 3327 763 3385 μὲν
781 3327 867 3385 γὰρ
889 3328 1195 3371 πόλινσεῖσαι
1218 3324 1287 3368 καὶ
1309 3322 1648 3382 ἀφαυροτέροις,

508 3401 609 3448 ἀλλ’
635 3401 706 3447 ἐπὶ
726 3403 875 3460 χώρας
896 3399 1018 3446 αὖθις
1039 3398 1174 3444 ἕσσαι
1197 3397 1424 3442 δυσπαλὲς
1446 3396 1497 3453 δὴ
1519 3394 1730 3456 γίγνεται,
1753 3393 1960 3451 ἐξαπίνας

508 3476 547 3522 εἷ
567 3475 626 3533 μὴ
650 3475 749 3528 θεὸς
770 3473 1043 3533 ἁγεμόνεσσι
1066 3470 1336 3530 κυβερνατὴρ
1357 3469 1551 3530 γένηται.

1036 3644 1061 3674 k
1085 3645 1218 3702 Pyth.
1241 3659 1285 3698 4.
1311 3642 1415 3700 467.
