2288 4036
258 304 412 338 PRAEL.
432 304 512 338 xx„
623 279 938 355 Scriptorum
957 285 1194 337 Ecclesia·
1220 285 1281 336 de
1307 303 1359 336 eo
1371 283 1645 352 judicium.
1904 284 2009 334 805

257 429 498 485 minime
530 427 721 484 dubiis
751 445 813 483 se
843 427 1117 492 indicare,
1151 424 1242 481 vel
1281 425 1342 480 in
1377 423 1489 480 hoc
1521 443 1754 499 quoque
1797 424 2008 480 humili

256 526 611 582 brevissimae
656 525 793 580 vitae
838 522 1159 579 curriculo:
1214 522 1457 597 proinde
1505 540 1640 578 cum
1686 522 1909 596 pudore
1949 527 2010 577 et

255 631 419 679 metu
469 624 543 679 ab
592 621 865 678 omnibus
910 621 1225 677 vivendum
1273 638 1415 684 esse,
1457 627 1736 694 tanquam
1777 618 1836 674 in
1884 619 2010 692 ipso

257 719 552 777 vestibulo
583 719 889 776 sanctioris
920 718 1224 792 cujusdam
1256 717 1436 792 adyti.

342 815 546 890 Atque
589 816 713 872 haec
764 815 847 871 ita
889 813 1065 870 velim
1112 813 1380 889 intelligi,
1426 821 1495 870 ut
1539 812 1762 870 nullam
1812 820 2012 869 tamen

256 915 669 970 auctoritatem
704 912 945 968 concedi
979 912 1170 967 dicam
1216 930 1250 968 a
1293 911 1611 986 majoribus
1655 911 1867 967 nostris
1911 929 2013 965 ne-

258 1030 373 1086 que
405 1009 722 1066 Poetarum
766 1008 941 1064 alicui
987 1027 1178 1082 neque
1212 1007 1723 1083 Philosophorum.
1813 1007 2015 1083 Nega-

258 1124 389 1161 mus
420 1105 609 1179 plane,
631 1105 813 1160 nimio
846 1104 1147 1161 literarum
1171 1123 1370 1161 amore
1394 1105 1718 1179 corrupisse
1744 1103 2012 1159 homines

262 1200 615 1268 Veritatem,
661 1201 885 1258 caelitus
933 1201 1039 1257 sibi
1089 1202 1477 1258 commissam.
1574 1201 1768 1257 Immo
1819 1200 2014 1275 palam

256 1305 321 1354 et
351 1306 552 1372 aperte
598 1299 883 1354 facessere
911 1299 1128 1372 jubent
1162 1298 1464 1365 Ethnicos,
1497 1299 1653 1374 quod
1684 1298 1902 1354 attinet
1941 1297 2015 1354 ad

258 1395 602 1470 opinionum
649 1402 1021 1452 commenta:
1074 1395 1252 1451 iidem
1300 1414 1437 1451 vero
1484 1396 1727 1451 minime
1775 1401 2014 1470 negant,

261 1498 466 1548 extare
513 1491 670 1566 apud
717 1511 816 1549 eos
866 1492 1163 1567 permulta
1213 1499 1436 1549 naturae
1477 1492 1718 1566 judicia,
1766 1509 2015 1566 quorum

260 1588 370 1662 ipsi
414 1586 590 1664 longo
637 1607 747 1645 usu
800 1589 1020 1645 fuerint
1070 1590 1302 1656 imbuti,
1354 1609 1421 1646 ac
1472 1589 1654 1646 tacite
1705 1589 2018 1664 praeparati

261 1685 335 1741 ad
366 1684 710 1760 sapientiam
748 1685 1212 1760 concipiendam.

347 1780 506 1849 Quin
537 1790 598 1838 et
628 1782 878 1856 posteris
908 1800 1143 1857 quoque
1175 1782 1541 1856 temporibus
1582 1782 1772 1839 multo
1810 1783 1870 1838 in
1915 1782 2019 1838 ho-

263 1896 404 1933 nore
434 1877 701 1933 habitum
735 1878 914 1934 fuisse
946 1877 1286 1954 Virgilium,
1317 1885 1386 1933 ut
1426 1878 1485 1933 in
1523 1897 1645 1934 aevo
1677 1877 1927 1953 simplici
1958 1887 2020 1936 et

264 1975 519 2041 indoct0,
564 1975 895 2050 significant
928 1974 1019 2031 vel
1051 1994 1135 2041 ea,
1168 1994 1297 2050 quae
1327 1975 1401 2031 de
1432 1975 1661 2051 magica
1700 1976 1826 2050 ejus
1856 1977 1913 2031 vi
1953 1996 2021 2032 ac

263 2070 501 2127 solertia
534 2072 713 2128 toties
754 2070 1154 2146 perhibentur.
1233 2070 1472 2146 Nempe
1515 2090 1633 2127 non
1677 2071 1793 2128 alia
1834 2073 2022 2148 magis

264 2168 324 2223 in
347 2169 593 2224 materie
616 2168 725 2224 sibi
755 2171 1121 2243 placuerunt,
1143 2169 1242 2243 qui
1266 2174 1396 2224 tum
1421 2168 1737 2225 narrabant
1761 2169 2021 2236 fabulas3

265 2264 438 2339 plane
482 2265 633 2321 sicut
677 2265 735 2321 in
776 2263 1023 2322 Oriente
1070 2263 1401 2321 Salomonis
1448 2283 1666 2321 nomen
1699 2266 1897 2342 vigere
1928 2266 2021 2323 vel

265 2361 440 2417 hodie
470 2362 531 2417 in
562 2362 848 2437 ejusmodi
881 2361 1232 2419 commentis
1271 2361 1487 2418 ferunt.
1577 2361 1852 2419 Profecto
1884 2363 2024 2419 satis

263 2465 391 2514 erat
442 2465 922 2526 consentaneum,
968 2459 1067 2534 qui
1109 2457 1349 2533 Orphea
1389 2459 1640 2534 quadam
1681 2464 1808 2514 arte
1853 2466 2027 2533 potu-

264 2553 419 2608 erint
449 2552 688 2611 flectere
719 2554 1027 2611 doctorum
1059 2555 1305 2622 animos,
1331 2554 1565 2611 illorum
1600 2555 1839 2611 nomina
1867 2556 2024 2630 apud

266 2650 535 2707 indoctos
571 2650 815 2726 magicis
845 2651 1195 2725 quibusdam
1240 2651 1416 2708 sacris
1460 2650 1764 2726 implicari.
1854 2651 2023 2726 Siqui

264 2754 467 2802 autem
501 2744 593 2801 vel
624 2745 725 2802 illo
758 2747 993 2814 saecule,
1024 2749 1181 2822 quod
1224 2749 1458 2823 proprio
1498 2749 1738 2805 nomine
1768 2748 2028 2824 appella-

268 2850 366 2899 tur
396 2840 711 2909 obscurum,
746 2843 837 2899 vel
874 2851 1094 2918 postea,
1126 2844 1312 2901 literis
1345 2845 1659 2921 viguerunt
1678 2846 1878 2920 3-qui
1914 2847 2029 2921 pri-

267 2957 366 2994 mo
412 2938 652 3013 quidem
711 2940 1015 3013 pauciores
1066 2941 1325 3009 fuerunt,
1372 2948 1507 3017 post
1566 2941 1946 2999 millesimum
1995 2962 2030 3000 a

266 3036 536 3093 CHRISTO
566 3055 787 3092 anuum
818 3036 1244 3111 frequentiores
1263 3039 1520 3113 3—apud
1551 3038 1683 3096 illos
1713 3047 1874 3096 certe
1906 3060 2030 3096 om-

269 3151 373 3189 nes
403 3131 575 3188 unice
606 3132 791 3188 ferme
823 3133 1158 3190 dominatus
1189 3141 1278 3191 est
1311 3133 1617 3211 Virgilius.
1708 3135 1886 3192 Illum
1929 3138 2031 3194 ad-

269 3229 590 3284 mirantur:
639 3228 858 3284 eximia
901 3248 1146 3304 quaeque
1190 3231 1264 3287 ab
1308 3231 1465 3288 illius
1510 3233 1740 3307 scriptis
1784 3235 2030 3290 recitare

270 3331 504 3379 amant:
554 3322 638 3378 illi
686 3342 801 3397 prae
841 3324 1019 3379 choro
1065 3325 1337 3382 universo
1385 3325 1773 3383 Ethnicorum
1810 3327 2031 3401 absque

272 3420 667 3476 controversia
724 3420 980 3493 primum
1033 3421 1304 3478 tribuunt
1355 3420 1568 3478 locum.
1666 3422 1820 3491 Quid
1872 3424 2028 3497 quod

275 3514 708 3572 laudatissimus
739 3515 839 3571 ille
871 3515 1114 3583 DanteS‚
1141 3516 1448 3591 primarius
1479 3536 1596 3573 nou
1627 3518 1814 3573 solum
1844 3518 2033 3576 Poeta

275 3630 479 3666 verum
526 3612 704 3667 etiam
751 3611 1104 3687 Theologus‚
1145 3612 1458 3670 Maronem
1506 3614 1874 3688 potissimum
1917 3615 2036 3671 ele-
