2288 4036
341 209 451 265 616
708 211 976 266 Platonem
1001 212 1234 266 Naturae
1258 221 1511 267 amantem
1522 214 1709 284 fuisse.
1823 234 1984 268 PRAEL.
2003 232 2134 267 xxx.

342 357 570 433 species
589 366 632 415 ²¹.
715 357 970 428 Pastori,
991 357 1183 432 (verbi
1215 360 1418 435 eausa)
1443 377 1583 417 oum
1613 358 1741 436 lyra
1770 360 2130 427 meridianti,

340 456 545 512 venire
581 456 848 532 potuisse
887 457 951 512 in
992 462 1264 514 mentem
1294 455 1600 533 Apollinis
1636 457 1814 526 illius,
1844 477 1986 515 eum
2031 477 2134 515 au-

338 570 441 610 rea
484 553 731 622 cithara,
769 572 1030 630 cumque
1073 552 1417 612 lucentibus
1463 554 1726 631 capillis3
1774 556 2041 613 maxime
2085 555 2134 612 si

338 652 548 727 procul
607 652 764 710 forte
815 652 1179 710 cantilenam
1239 651 1503 728 aliquam
1564 652 1742 711 solito
1797 654 2134 711 suaviorem

337 750 631 809 audierit:
678 751 948 808 venator-i
991 751 1055 807 in
1090 750 1400 808 montibus
1445 751 1826 828 pernoctanti
1870 751 2135 829 gratissi-

336 867 500 905 mam
530 848 687 906 hano
720 847 959 906 Lunam
983 868 1122 905 eum
1154 848 1448 906 sideribus
1479 849 1599 907 suis
1629 849 1950 926 praebuisse
1978 849 2134 906 forte

334 946 663 1023 imaginem
711 945 929 1005 Dianae
974 966 1112 1004 cum
1162 944 1500 1023 Nymphis:
1551 965 1690 1004 cum
1736 947 1980 1005 umbras
2024 966 2135 1004 nu-

335 1044 505 1101 bium
536 1038 814 1102 videren't
859 1044 999 1102 ferri
1041 1043 1201 1102 claro
1233 1044 1541 1121 Aquilone
1585 1064 1764 1122 super
1807 1043 2135 1123 longinqua

323 1142 491 1221 juga,
534 1150 991 1220 repraesentasse
1028 1143 1141 1200 sibi
1181 1143 1457 1202 homines
1488 1142 1798 1202 Oreadum
1829 1144 2132 1202 Chorum:

336 1238 614 1297 Faunum
668 1247 731 1297 et
778 1239 1041 1318 Satyros,
1091 1240 1328 1317 quoties
1385 1241 1449 1298 in
1499 1240 1697 1318 sylviS,
1744 1242 1928 1301 dubia
1979 1242 2132 1312 luce,

329 1345 698 1416 portentosae
727 1339 1009 1397 arborum
1042 1339 1255 1398 formae
1286 1340 1724 1399 occurrerent.”

421 1434 659 1494 Verum
704 1444 774 1494 ut
818 1436 946 1495 haee
978 1456 1218 1514 quoque
1250 1438 1620 1508 omittamUS,
1654 1437 1896 1497 Graecos
1927 1446 2133 1497 tamen

330 1535 394 1592 in
423 1534 537 1594 hac
568 1555 749 1595 causa
776 1536 1036 1594 fidenter
1065 1537 1348 1613 equidem
1378 1537 1537 1595 tueri
1578 1537 1854 1608 audeam,
1884 1535 1982 1596 vel
2011 1557 2134 1596 uno

332 1632 591 1692 Platone
635 1635 699 1691 in
744 1634 1163 1693 testimonium
1207 1634 1522 1712 productO.
1612 1635 1732 1705 Qui
1779 1637 1843 1694 in
1887 1635 2133 1695 laudato

330 1731 437 1790 illo
470 1733 710 1792 Phaedri
755 1734 1049 1810 prooemio
1078 1734 1167 1793 ita
1196 1753 1260 1791 se
1292 1733 1567 1792 deditum
1608 1734 1929 1811 profitetur
1958 1735 2133 1794 urba-

329 1830 422 1889 nis
453 1831 683 1890 delioiis
714 1852 784 1891 ae
815 1832 977 1891 civili
1006 1832 1325 1891 hominum
1350 1835 1729 1901 commercio,
1754 1840 1825 1891 ut
1848 1842 2133 1911 appareat

330 1937 538 1988 tamen
578 1931 718 1990 duci
763 1951 906 1990 eum
951 1939 1015 1990 et
1059 1932 1367 2002 delectari,
1406 1940 1477 1991 ut
1514 1933 1618 2009 qui
1662 1933 1946 2002 maxime,
1983 1952 2133 2010 pura

329 2048 399 2087 ae
430 2029 703 2107 simplice
736 2027 1054 2090 Naturab:
1102 2030 1198 2099 Νὴ
1228 2030 1332 2099 τὴν
1350 2029 1568 2112 ‘'Hpav,
1597 2034 1740 2100 καλή
1784 2056 1854 2109 γε
1892 2033 1922 2099 ἦ
1958 2056 2133 2089 κατα-

329 2131 510 2205 γωγή·
557 2127 591 2197 ἦ
620 2155 687 2188 τε
718 2127 835 2211 γὰρ
866 2127 1160 2194 πλάτανος
1192 2128 1332 2199 αὕτη
1371 2132 1509 2200 μαλ’
1540 2131 1888 2211 ἀμφιλαφής
1931 2156 1999 2189 τε
2041 2131 2130 2189 καὶ

326 2225 548 2305 ὑψηλή,
578 2233 685 2286 τοῦ
711 2255 779 2287 τε
808 2227 985 2306 ἄγνου
1023 2227 1096 2288 τὸ
1131 2226 1285 2307 ὕψος
1322 2229 1410 2289 καὶ
1442 2227 1515 2288 τὸ
1547 2231 1775 2289 σύσκιον
1811 2227 2130 2307 πάγκαλον,

325 2327 416 2385 καὶ
447 2328 515 2390 ὡς
551 2327 726 2396 ἀκμὴν
765 2328 881 2408 ἔχει
921 2336 1020 2398 τῆς
1056 2327 1235 2397 ἇνΘης,
1267 2330 1335 2393 ὡς
1363 2325 1431 2388 ἂν
1461 2327 1840 2388 εὐωδέστατον
1884 2329 2130 2410 παρέχοι

325 2422 428 2483 τὸν
465 2424 668 2484 τόπον·
716 2424 750 2495 ἤ
779 2453 846 2485 τε
875 2424 943 2484 αὖ
970 2427 1126 2504 πηγὴ
1167 2423 1524 2508 χαριεστάτη
1554 2424 1662 2484 ὑπὸ
1692 2432 1792 2494 τῆς
1835 2423 2133 2485 πλατάνου

323 2526 410 2603 ῥεῖ
450 2520 612 2593 μάλα
658 2522 896 2606 ψυχροῦ
932 2524 1155 2596 ὕδατος,
1194 2524 1262 2589 ὥς
1306 2550 1376 2603 γε
1419 2529 1500 2601 τῷ
1547 2523 1680 2584 ποδὶ
1724 2528 2128 2606 τεκμήρασθαι·

328 2627 552 2704 νυμφῶν
587 2624 656 2682 τέ
690 2651 850 2683 τινων
883 2625 971 2683 καὶ
1004 2623 1302 2705 Ἀχελώου
1347 2622 1493 2705 ἱερὸν
1537 2622 1654 2682 ἀπὸ
1698 2629 1810 2683 τῶν
1847 2628 2022 2706 κορῶν
2065 2651 2132 2683 τε

325 2722 414 2780 καὶ
456 2721 812 2800 ἀγαλμάτων
855 2724 1027 2782 ἔοικεν
1071 2722 1223 2782 εἶναι.
1273 2726 1323 2783 εἶ
1357 2723 1403 2783 δ’
1434 2721 1500 2782 αἶ’]
1536 2723 1751 2796 βούλει,
1788 2721 1861 2782 τὸ
1907 2725 2131 2781 εὔπνουν

324 2825 431 2879 τοῦ
465 2821 656 2879 τόπου
681 2824 748 2886 ὡς
777 2822 1084 2899 ἀγαπητόν
1128 2850 1195 2882 τε
1237 2823 1327 2881 καὶ
1375 2821 1611 2904 σφόδρα
1655 2820 1764 2890 ἡδύ·
1813 2821 2026 2902 θερινόν
2064 2848 2131 2880 τε

324 2917 414 2976 καὶ
459 2916 695 2999 λιγυρὸν
736 2921 941 3000 ὑπηχεῖ
973 2926 1060 2996 τῷ
1094 2925 1207 2979 τῶν
1245 2921 1529 2998 τεττίγων
1573 2920 1748 3000 χόρῳ’
1802 2916 2028 2978 πάντων
2074 2917 2131 2978 δὲ

326 3015 718 3094 κομψότατον
758 3017 831 3077 τὸ
872 3025 971 3087 τῆς
1010 3019 1173 3089 πόας,
1205 3019 1297 3079 ὅτι
1329 3020 1384 3079 ἐν
1414 3020 1588 3100 ἠρέμα
1620 3015 1932 3100 προσάντει
1977 3015 2129 3087 ἶκᾶνη

325 3116 543 3198 πέφυκε
571 3118 962 3177 κατακλινέντι
992 3118 1094 3187 τὴν
1123 3119 1377 3199 κεφαλὴν
1408 3115 1717 3195 παγκάλως
1746 3118 1911 3198 ἔχειν.

427 3218 750 3288 Quorsum,
805 3217 1070 3287 obsecre,
1130 3217 1412 3295 platanus
1470 3217 1591 3286 ille,
1645 3224 1710 3275 et
1762 3236 1919 3294 aqua
1971 3216 2128 3275 Ilissi

323 3316 542 3396 gelida,
575 3324 640 3375 et
684 3337 934 3395 gramen
978 3317 1421 3387 mollissimum,
1453 3317 1768 3394 omnisque
1813 3318 1981 3393 quasi
2025 3337 2129 3393 ap-

386 3470 410 3494 a
431 3461 767 3514 Wordsworth,
790 3462 1058 3517 Eoecursion,
1082 3463 1128 3508 b.
1153 3464 1212 3508 iv.
1236 3479 1280 3522 p.
1312 3462 1411 3518 165.
1437 3462 1585 3518 Lond.
1611 3463 1744 3534 1827.

390 3538 414 3569 b
438 3538 615 3584 Pkaedr.
639 3554 684 3596 p.
710 3551 812 3597 230.
841 3538 897 3598 B.-
