2288 4036
206 300 546 336 PRAEL.XXXI1.
698 272 809 334 Car
832 283 877 332 is
902 282 1174 350 Epimeis
1195 299 1244 333 se
1269 281 1540 333 addioemt.
1846 279 1954 334 657

440 418 722 475 Quapropter
743 418 876 461 simul
897 418 1011 461 inter
1032 432 1078 461 se
1099 417 1400 468 retrahuntur,
1422 423 1466 460 et
1486 423 1609 459 extra

438 489 723 542 Officiuntur,
745 489 812 534 uti
833 496 1049 547 cogantur
1069 489 1238 533 tardius
1259 489 1336 532 ire.

435 562 497 605 At
517 576 617 619 quae
639 568 744 605 sunt
766 561 907 605 solida
926 561 1168 618 primordia
1188 561 1479 618 simplicitate,

438 632 555 679 Cum
575 648 653 690 per
673 634 803 677 inane
822 640 973 677 meant
992 647 1199 685 vacuum,
1222 647 1303 676 nec
1324 647 1394 676 res
1415 638 1662 676 remoratur

437 705 542 749 Ulla
560 705 681 757 foris,
703 712 834 763 atque
853 705 949 762 ipsa
970 705 1062 749 suis
1083 720 1107 748 e
1127 704 1328 761 partibus
1348 718 1506 755 unum,

437 775 595 819 Unum
615 776 662 819 in
684 790 816 834 quem
836 790 1006 832 coepere
1026 776 1175 819 locum
1197 775 1388 818 connixa
1407 775 1624 825 feruntur,

399 871 408 879 -
438 846 615 891 Debent
634 847 846 891 nimirum
866 848 1112 904 praecellere
1132 846 1390 898 mobilitate,

437 919 495 963 Et
515 921 657 964 multo
678 920 806 964 citius
826 920 943 972 ferri,
966 933 1101 978 quam
1119 919 1290 962 lumina
1312 918 1442 962 Solis.

286 1014 380 1071 Ex
411 1014 500 1071 his
531 1015 801 1071 omnibus
825 1014 975 1071 effici
996 1014 1231 1071 videtur
1257 1014 1334 1081 id,
1355 1015 1511 1089 quod
1531 1014 1763 1088 jamdiu
1789 1032 1952 1088 spec-

201 1117 290 1168 tat
309 1111 496 1168 oratio
518 1111 642 1168 haec
666 1117 896 1167 nostra:
927 1110 1061 1167 ideo
1086 1111 1332 1167 fortasse
1355 1110 1633 1167 Lucretio
1662 1111 1952 1185 placuisse

202 1207 491 1281 Epicurea
517 1206 620 1263 illa
649 1207 722 1262 de
753 1224 984 1262 summa
1013 1224 1208 1262 rerum
1239 1214 1593 1274 commenta,
1624 1225 1753 1281 quae
1784 1207 1952 1263 nobis

201 1302 442 1359 meliora
481 1296 709 1359 edoctis
750 1309 872 1358 tam
914 1301 1127 1376 frigida
1169 1321 1238 1358 ac
1271 1300 1478 1377 jejuna
1521 1301 1713 1358 solent
1749 1301 1951 1368 videri,

200 1399 355 1473 quod
385 1399 493 1456 sibi
518 1398 951 1473 quodammodo
983 1405 1234 1474 cognata
1263 1406 1325 1455 et
1355 1399 1667 1455 commista
1694 1397 1953 1454 habeant

199 1495 438 1561 somnia,
490 1513 593 1551 seu
642 1494 838 1569 potius
889 1493 1199 1550 simulacra
1249 1493 1526 1569 appelleS‚
1579 1494 1653 1550 ab
1705 1513 1774 1550 eo
1826 1502 1950 1551 tam

198 1589 581 1646 vehementer
609 1590 898 1657 adamata,
926 1590 1000 1647 de
1030 1591 1220 1666 spatio
1251 1589 1354 1646 illo
1384 1590 1631 1657 infinito,
1662 1590 1953 1665 profunda

198 1684 345 1752 luce,
394 1685 778 1742 multitudine
830 1704 1063 1760 prorsus
1113 1684 1542 1741 innumerabili.
1632 1684 1951 1761 Fingamus

196 1780 470 1838 videlicet
513 1782 832 1839 insuevisse
873 1801 1027 1849 eum,
1058 1801 1207 1858 puer
1245 1801 1381 1838 cum
1421 1789 1594 1849 esset,
1625 1782 1794 1838 aeriis
1830 1783 1951 1838 edi-

195 1878 387 1952 tisque
417 1877 578 1945 locis,
611 1877 767 1934 unde
811 1885 1157 1953 prospectus
1198 1880 1320 1934 sive
1360 1877 1422 1933 in
1453 1876 1676 1935 Oceani
1721 1881 1844 1935 sive
1887 1880 1946 1934 in

195 1968 466 2030 caelorum
534 1974 826 2049 profunda
889 1973 1206 2031 latissimus
1271 1981 1519 2048 pateret.
1621 1973 1788 2029 Num
1853 1976 1946 2031 cui

195 2068 440 2125 dubium
471 2070 598 2136 erit,
632 2069 1029 2145 voluptarium
1062 2071 1356 2146 quoddam
1396 2071 1684 2136 ei·fuisse‚
1717 2072 1947 2145 quoties

192 2165 429 2241 propius
465 2166 779 2242 cogitando
823 2167 1157 2223 intueretur
1199 2166 1451 2223 liberum
1495 2167 1641 2224 illud
1688 2175 1947 2225 vastum-

192 2280 306 2336 que
351 2261 550 2328 Inane,
589 2262 754 2336 cujus
801 2269 987 2320 tantae
1034 2271 1170 2320 sunt
1222 2270 1417 2339 partes
1462 2265 1522 2320 in
1568 2264 1832 2321 doctrina
1876 2284 1944 2322 ac

191 2358 375 2415 literis
420 2358 698 2434 Epicuri?
791 2359 991 2416 Fuerit
1026 2379 1223 2416 rursus
1261 2361 1419 2417 idem
1466 2360 1720 2436 eleganS,
1752 2370 1819 2418 ut
1859 2356 1943 2419 ita

192 2456 399 2521 dicam,
438 2455 678 2512 aetheris
723 2454 977 2530 solisque
1022 2462 1350 2530 spectator3
1398 2457 1576 2513 fuerit
1622 2458 1747 2514 istis
1793 2477 1944 2532 prae-

190 2551 348 2608 ditus
392 2550 592 2616 oculiS‚
630 2551 728 2626 qui
769 2551 936 2607 avide
977 2559 1405 2626 prosequantur
1447 2552 1560 2608 diei
1605 2553 1696 2609 vel
1742 2562 1937 2611 ortum

189 2647 282 2703 vel
313 2665 616 2705 occasum:
663 2647 1010 2704 crediderim
1044 2667 1114 2704 ea
1142 2667 1277 2704 cum
1309 2648 1510 2722 primis
1545 2648 1631 2704 illi
1664 2650 1787 2706 viro
1817 2650 1940 2725 pla-

188 2743 391 2809 citura,
436 2743 648 2817 quibus
699 2762 761 2800 se
810 2743 1014 2800 sedulo
1069 2745 1385 2801 exercebat
1434 2744 1667 2820 Epicuri
1722 2746 1936 2815 schola,

187 2845 498 2914 postquam
538 2839 593 2896 ei
638 2839 820 2896 semel
862 2848 1194 2897 occurrerat
1238 2842 1531 2898 somnium
1572 2841 1718 2899 illud
1755 2845 1829 2900 de
1862 2846 1937 2902 si-

186 2933 459 2992 mulacris
497 2942 559 2992 et
601 2935 972 3011 imaginibUS,
1004 2954 1036 2992 e
1067 2955 1298 3011 quaque
1333 2955 1396 2992 re
1430 2937 1547 2994 huc
1586 2937 1726 2995 illuc
1763 2941 1936 2997 emis-

187 3030 280 3087 sis,
366 3030 520 3098 Jam,
552 3033 709 3107 quod
739 3033 812 3088 ad
853 3031 1247 3089 mobilitatem
1291 3034 1525 3100 attinet,
1557 3034 1800 3092 minime
1831 3056 1933 3094 vos

187 3127 345 3184 eritis
389 3147 424 3185 a
465 3147 561 3185 me
606 3129 872 3195 docendi,
903 3128 1080 3185 fuisse
1113 3130 1173 3185 in
1204 3113 1569 3204 rapidissimo
1608 3130 1711 3188 illo
1743 3132 1933 3191 Semi-

185 3242 326 3279 num
357 3243 486 3299 quae
517 3232 800 3281 vocantur
830 3244 1019 3292 curSU,
1050 3227 1208 3300 quod
1248 3226 1423 3283 altius
1466 3227 1718 3284 insidere
1749 3229 1932 3285 debu-

185 3320 297 3376 erit
338 3321 399 3377 in
441 3329 702 3378 mentem
757 3322 882 3402 ejus
926 3321 1143 3388 Poetae,
1190 3323 1284 3380 cui
1329 3324 1550 3381 fuerint
1601 3325 1661 3380 in
1706 3323 1930 3381 deliciis

184 3415 224 3470 ii
274 3426 482 3484 motus,
527 3437 672 3492 quos
717 3405 899 3474 habet
942 3437 1174 3493 cunque
1218 3420 1611 3477 velocissimos
1659 3422 1929 3477 universa

186 3509 449 3570 Natura:
496 3521 913 3589 tempestatum
949 3514 1239 3581 videlicet,
1270 3516 1600 3582 fulminum,
1633 3517 1926 3574 radiorum

184 3604 344 3663 luciS.

1003 3708 1042 3749 U
1074 3711 1109 3748 11
