2288 4036
274 182 385 238 536
523 183 831 237 Pindarum
857 182 1081 254 AEyinae
1107 181 1383 236 maritima
1408 181 1666 237 didicisse.
1742 201 1903 237 PRAEL.
1923 202 2079 253 xxv1·

275 332 462 411 gabit,
499 333 734 390 ratione
777 331 988 389 habita
1026 337 1122 389 tot
1158 331 1521 390 eximiorum
1564 332 1919 400 carminum,
1951 331 2086 407 qui-

277 431 391 489 bus
444 430 540 487 vel
594 430 852 488 AEacum
913 428 1260 498 celebravit,
1316 449 1456 487 cum
1512 429 1646 488 Diis
1705 429 2080 488 laborantem

279 532 437 590 circa
466 529 658 606 Trojae
688 529 951 598 moenia3
1001 528 1096 586 vel
1137 528 1309 597 filios,
1343 536 1613 606 nepoteS,
1645 536 1910 587 ceteram
1956 528 2087 604 ejus

281 630 567 706 stirpem;
613 628 1007 689 Telamonem
1054 628 1130 688 ab
1171 626 1441 686 Hercule
1485 629 1549 685 in
1593 635 1829 705 partem
1874 626 2086 706 gloriae

283 734 624 798 evocatum,
687 726 857 784 Pelei
917 725 1317 784 castissimam
1372 727 1783 803 juventutem,
1844 725 2088 802 nuptias

282 825 574 893 coelestes,
623 822 885 882 Achillis
934 825 1279 901 pueritiam,
1323 823 1720 901 Neoptolemi
1766 823 2091 882 sacratissi-

282 945 452 984 mum
501 925 699 982 funus.
792 923 1101 983 Praeterea
1139 924 1468 982 videndum
1510 943 1586 981 an
1622 923 1860 1001 AEginae
1904 923 2093 999 potis-

284 1025 523 1091 simum,
555 1023 715 1100 apud
749 1023 974 1081 amicos
1006 1042 1144 1081 suos
1175 1031 1239 1080 et
1270 1022 1554 1100 hospites,
1589 1022 1867 1079 didicerit
1899 1020 2094 1079 Poeta

284 1124 559 1182 nauticas
606 1142 699 1180 res
738 1142 970 1191 canere,
1004 1142 1142 1180 cum
1184 1131 1323 1180 ortu
1368 1122 1547 1199 plane
1579 1121 1883 1200 ἠπειρώτης
1913 1127 2091 1179 esset.

286 1223 438 1294 Quis
487 1224 638 1281 adeo
685 1223 895 1281 docuit
944 1241 1086 1279 eum
1137 1222 1201 1279 in
1252 1221 1553 1298 profunda
1610 1222 1792 1279 maris
1850 1221 2091 1289 intueri,

287 1344 426 1382 cum
461 1323 665 1381 divina
697 1323 956 1399 quadam
981 1321 1317 1399 voluptate,
1342 1321 1523 1379 mista
1553 1319 1913 1378 formidine?
1961 1320 2096 1396 quis

286 1443 466 1502 vagas
507 1423 927 1500 navigantium
960 1441 1150 1491 curaS‚
1180 1422 1412 1479 incerta
1441 1421 1660 1488 studia,
1693 1439 1860 1497 spem
1897 1418 2097 1475 infini-

288 1531 433 1592 tam,
484 1521 711 1581 tabella
771 1521 940 1598 quasi
994 1522 1200 1579 votiva
1253 1519 1619 1598 depingere?
1710 1519 1785 1577 In
1836 1526 2098 1594 utroque

286 1642 510 1701 genere
539 1641 660 1699 prae
691 1621 972 1679 omnibus
1003 1620 1274 1679 eminent
1302 1639 1375 1677 ea
1404 1639 1542 1696 quae
1574 1626 1869 1677 vocantur
1899 1617 2098 1696 Argo-

287 1719 599 1787 nautica¹z

469 1840 549 1885 τὸν
571 1838 619 1884 δὲ
640 1838 862 1898 παμπειθῆ
884 1839 1050 1899 γλυκὺν
1070 1838 1319 1897 ἡμιθέοισιν
1337 1839 1480 1885 πόθον
1499 1839 1743 1898 πρόσδαιεν
1755 1835 1882 1898 ‘'Hpa

474 1915 577 1960 ναὸς
595 1912 800 1973 Ἀργοῦς,
822 1912 881 1972 μή
904 1933 1001 1959 τινα
1021 1915 1283 1972 λειπόμενον

472 1989 552 2036 τὰν
572 1988 798 2035 ἀκίνδυνον
818 1990 939 2048 παρὰ
969 1990 1102 2049 ματρὶ
1134 1988 1279 2048 μένειν
1298 1989 1433 2034 αἷῶνα
1455 1987 1686 2043 πέσσοντ’,
1708 1986 1810 2034 ἀλλ’
1834 1987 1906 2033 ε’πὶ
1928 1986 1999 2032 καὶ
2020 1986 2098 2032 θα-

533 2081 647 2124 lla-TC?

473 2136 709 2197 φάρμακον
728 2135 975 2182 κάλλιστον
996 2138 1069 2183 ἑᾶς
1087 2136 1245 2196 ἀρετᾶς
1265 2138 1414 2194 ἅλιξιν
1435 2137 1642 2197 εὑρέσθαι
1665 2138 1749 2183 σὺν
1770 2137 1942 2185 ἄλλοις.

292 2235 460 2297 Vere
506 2243 569 2294 et
614 2246 773 2321 apte,
821 2237 867 2294 si
915 2237 1048 2312 quis
1096 2235 1266 2304 alius,
1316 2236 1525 2315 tetigit
1572 2236 1895 2294 mirificum
1947 2234 2097 2293 illud

291 2337 474 2396 maris
519 2337 705 2394 etiam
755 2336 1025 2393 nondum
1072 2336 1183 2393 visi
1231 2336 1615 2406 desiderium,
1654 2356 1774 2413 quo
1821 2336 2100 2394 novimus

293 2435 618 2513 aliquando
631 2435 892 2512 juvenes
916 2453 1274 2512 puerosque,
1296 2434 1466 2492 velut
1490 2434 1617 2493 fato
1643 2435 1904 2512 quodam
1929 2435 2100 2504 ictos,

293 2537 564 2615 flagrare.
659 2533 947 2611 Explicat
979 2534 1219 2603 deinde,
1253 2553 1372 2611 qua
1411 2541 1621 2592 mente
1651 2534 1885 2593 soleant
1916 2534 2102 2592 iidem

293 2654 510 2694 navem
554 2634 749 2711 primo
781 2633 1220 2693 conscendere:
1272 2653 1393 2710 quo
1425 2634 1691 2698 carmine
1722 2633 1874 2691 nihil
1905 2632 2103 2712 splen-

295 2736 515 2798 didius,

906 2816 1001 2862 ἐπεὶ
1024 2815 1061 2861 δ’
1086 2817 1283 2875 ἐμβόλου

541 2890 767 2951 κρέμασαν
786 2889 978 2950 ἀγκύρας
997 2889 1201 2951 ὕπερθεν,

540 2964 740 3028 χρυσέαν
759 2965 969 3024 χείρεσσι
990 2966 1145 3012 λαβὼν
1164 2964 1334 3026 φιάλαν

540 3040 680 3099 ἀρχὸς
701 3039 748 3083 ἐν
766 3038 940 3097 πρύμνᾳ
964 3038 1115 3102 πατέρ’
1138 3039 1383 3099 Οὐρανιδᾶν
1404 3036 1737 3099 ἐγχεικέραυνον
1758 3041 1885 3097 Ζῆνα,
1902 3039 1973 3084 καὶ
1994 3040 2103 3085 ὦκυ-

603 3115 770 3172 πόρους

545 3186 743 3245 κυμάτων
771 3186 904 3246 ῥιπὰς
930 3186 1099 3246 ἀνέμων
1129 3185 1166 3233 τ’
1197 3185 1358 3240 ἐκάλει,
1391 3184 1547 3233 νύκτας
1581 3205 1631 3231 τε
1658 3186 1728 3235 καὶ
1758 3188 1923 3233 πόντου
1955 3184 2104 3235 κελεύε-

666 3260 786 3313 θους,

544 3334 689 3394 ἄματά
708 3334 744 3381 τ’
767 3337 965 3399 εὔφρονα
986 3336 1057 3380 καὶ
1078 3337 1237 3396 φιλίαν
1259 3337 1437 3382 νόστοιο
1458 3337 1630 3394 μοῖραν*

547 3411 594 3455 ἐκ
616 3409 786 3470 νεφέων
806 3410 854 3454 δὲ
876 3411 917 3453 οἶ
939 3408 1131 3456 ἅντᾶυσε
1150 3411 1343 3469 βροντᾶς
1364 3407 1513 3455 αἴσιον

547 3483 744 3544 φθέγμα·
776 3486 977 3544 λαμπραὶ
998 3483 1035 3530 δ’
1057 3483 1197 3542 ἦλθον
1217 3484 1386 3532 ἀκτῖνες
1405 3486 1629 3544 στεροπᾶς
1648 3482 2012 3545 ἅπορηγνυμέναι·

1023 3650 1194 3709 leth.
1218 3666 1265 3706 4.
1286 3661 1391 3710 327.
