2288 4036
349 73 458 128 416
833 75 916 127 De
942 75 1095 128 Nodo
1129 74 1375 146 Triloyiae
1410 76 1646 129 Orestem.
1833 96 2150 131 PRAEL.XX11‘.

348 229 587 300 semper
628 222 991 280 haereremus
1026 222 1211 291 dubii,
1244 242 1503 298 quonam
1552 223 1614 280 in
1662 222 1794 279 loco
1841 222 2154 282 habendus

347 330 507 382 esset
553 322 673 391 ille,
706 322 808 398 qui
851 322 1042 379 fretus
1087 320 1318 379 coelesti
1362 321 1626 389 oraculo,
1657 322 1889 379 facinus
1929 322 2152 399 alioqui

347 429 521 480 atrox
568 421 942 498 patravisset.
1032 420 1222 497 Cujus
1274 420 1640 498 gravissimae
1685 421 2029 497 quaestionis
2077 441 2155 479 ne

347 522 505 580 desit
535 529 678 598 apta
710 527 773 579 et
805 528 970 578 certa
1004 520 1287 598 cognitio,
1321 520 1598 578 videmus
1629 538 1930 578 summam
1977 520 2155 597 hujus

345 618 676 697 Tragoediae
716 619 871 677 verti
920 618 982 675 in
1024 617 1282 694 quadam
1334 617 1809 686 Provocatione3
1863 618 2019 676 sicut
2066 637 2152 687 ea,

347 739 484 794 quae
545 718 821 795 proxime
882 718 1201 794 praecessit,
1263 717 1602 774 solennium
1664 736 1915 794 precum
1975 718 2156 776 ratio-

346 838 487 875 nem
519 817 709 875 ferme
740 816 973 874 habuit.
1066 815 1148 874 Et
1180 816 1466 892 quoniam
1509 817 1628 874 ista
1672 816 2000 893 appellatio
2032 837 2154 875 non

345 915 603 992 simplex
646 922 775 973 erat
821 915 1042 983 futura,
1084 915 1307 991 quippe
1349 933 1489 990 quae
1535 916 1866 991 pertineret
1911 937 2032 974 non
2078 917 2153 976 ad

345 1013 628 1073 Orestem
661 1013 875 1081 solum,
909 1012 1005 1071 vel
1038 1014 1224 1090 siquis
1255 1012 1407 1071 alius
1439 1020 1586 1072 tunc
1619 1016 1910 1091 temporis
1941 1017 2154 1093 capitis

344 1114 501 1172 forte
538 1134 675 1173 reus
707 1122 882 1183 esset,
915 1113 1018 1172 sed
1060 1114 1132 1171 ad
1175 1133 1274 1172 eas
1314 1115 1500 1172 etiam
1538 1115 1994 1185 controversiaS,
2025 1116 2155 1192 qui-

344 1214 456 1272 bus
501 1214 852 1292 gravissima
890 1212 1163 1271 Deorum
1210 1214 1653 1290 hominumque
1693 1214 1835 1291 jura
1883 1216 2156 1274 contine-

343 1319 588 1381 rentur;
642 1312 780 1369 ideo
822 1312 1099 1369 videmus
1145 1331 1385 1370 cursum
1435 1312 1677 1382 fabulae,
1723 1312 1942 1371 Oreste
1982 1314 2156 1372 abso-

344 1410 494 1481 luto,
526 1412 779 1469 minime
827 1411 1003 1470 finiri.
1094 1411 1274 1481 Quod
1313 1412 1423 1469 nisi
1463 1411 1748 1470 Minerva
1779 1411 1976 1471 Furiis
2008 1433 2155 1490 quo-

344 1529 462 1586 que
493 1511 651 1587 ipsis
678 1510 774 1568 vel
806 1509 915 1568 lite
947 1511 1183 1580 amissa,
1214 1511 1589 1588 probavisset
1621 1510 1944 1588 aliquando
1976 1512 2155 1571 curiae

343 1628 464 1666 suae
495 1610 880 1678 sententiam,
915 1628 1161 1667 necesse
1193 1617 1322 1667 erat
1363 1610 1628 1686 pendere
1657 1610 1843 1668 animi
1875 1610 2154 1682 lectoreS,

344 1707 795 1766 discedentibus
827 1707 1024 1766 adhuc
1057 1709 1120 1764 in
1152 1709 1451 1766 contraria
1484 1706 1635 1766 Diis.

420 1803 518 1862 Ac
550 1805 838 1863 credibile
870 1813 980 1875 est,
1007 1806 1192 1864 etiam
1224 1805 1285 1862 in
1320 1806 1625 1883 tripartito
1656 1805 1764 1864 illo
1785 1805 2155 1865 Prometheo

344 1903 467 1962 tale
521 1904 745 1981 aliquid
795 1906 1022 1964 cavisse
1068 1905 1442 1984 AEschylum.
1535 1905 1701 1964 Nam
1748 1913 1812 1964 et
1859 1906 1961 1975 ibi,
1999 1907 2155 1965 sicut

344 2012 524 2062 antea
575 2005 907 2074 docuimus,
957 2012 1140 2082 caput
1193 2012 1340 2075 erat,
1401 2012 1634 2064 certare
1687 2006 1849 2064 inter
1898 2025 1961 2064 se
2007 2007 2155 2064 duas

345 2104 513 2180 quasi
554 2103 824 2162 Deorum
873 2104 1147 2163 familias.
1240 2104 1360 2163 Sed
1409 2106 1616 2182 iniqua
1661 2112 1937 2182 tempora
1981 2106 2155 2164 nobis

344 2204 693 2261 inviderunt
754 2205 882 2281 ejus
955 2205 1097 2262 nodi
1170 2204 1556 2275 solutionem,
1617 2206 1855 2282 perdita
1915 2206 2155 2282 jamdiu

345 2301 575 2359 laudati
607 2303 803 2379 operis
834 2323 956 2362 una
986 2311 1170 2380 atque
1201 2302 1395 2361 altera
1435 2311 1626 2381 parte.
1717 2303 1856 2374 Quo
1904 2303 2155 2362 meliore

345 2401 471 2458 fato
517 2402 752 2471 accidit,
797 2410 866 2460 ut
921 2404 1157 2481 integra
1202 2403 1402 2461 adhuc
1447 2403 1786 2462 frueremur
1821 2402 2156 2484 Ὀρεστείας

345 2501 513 2569 serie,
547 2521 623 2559 ne
655 2502 752 2559 cui
787 2503 990 2561 veniat
1021 2504 1083 2560 in
1116 2502 1368 2561 dubium
1403 2502 1672 2581 AEschyli
1711 2504 1900 2561 nostri
1947 2510 2156 2562 sancta

346 2605 409 2655 et
462 2599 562 2675 pia
613 2618 822 2667 mens;
874 2601 976 2677 qui
1024 2621 1163 2669 non,
1211 2607 1282 2658 ut
1331 2601 1550 2670 caeteri,
1603 2602 1746 2659 satis
1793 2601 2024 2669 habuit,
2078 2600 2153 2658 ad

347 2702 625 2771 optatum
678 2698 915 2755 exitum
965 2699 1318 2775 perduxisse
1365 2697 1796 2775 Pelopidarum
1848 2698 2154 2765 fortunas;

347 2795 493 2871 quin
540 2795 719 2874 longe
764 2798 1059 2874 majorem
1106 2798 1167 2854 in
1207 2818 1281 2855 eo
1319 2798 1524 2874 posuit
1565 2816 1830 2874 operam,
1861 2805 1933 2854 ut
1973 2795 2157 2854 illaesa

346 2901 687 2952 servaretur
716 2902 851 2952 tum
897 2896 1182 2973 majestas
1215 2895 1509 2967 Deorum,
1541 2903 1677 2954 tum
1709 2897 1982 2954 omnium
2012 2911 2157 2972 quaa

348 2993 392 3051 si
429 3000 759 3052 concentus
791 2978 854 3051 et
886 2995 1240 3064 concordia3
1284 3001 1438 3052 neve
1468 2995 1532 3051 in
1562 3014 1762 3052 errore
1793 2995 2158 3072 vagarentur

349 3089 533 3147 animi
565 3089 869 3158 mortaleS,
903 3098 1009 3148 aut
1039 3092 1272 3150 incerto
1303 3099 1538 3149 rectore
1569 3098 1676 3149 aut
1706 3090 1894 3148 nu110.

456 3189 595 3265 Ipse
670 3209 811 3246 vero
887 3209 1095 3248 cursus
1172 3210 1241 3249 ac
1323 3198 1499 3248 tenor
1575 3190 1882 3248 Poematis
1957 3190 2153 3257 docet,

351 3288 411 3345 ni
461 3288 651 3354 fallor,
699 3286 1060 3366 AEschylum
1117 3290 1426 3367 aegerrime
1481 3309 1557 3347 ex
1617 3288 1781 3346 hisce
1832 3286 2155 3345 difficultaa

352 3388 513 3445 tibus
574 3407 637 3445 se
700 3388 1003 3464 explicare
1063 3389 1347 3465 potuisse.
1465 3387 1562 3446 Ac
1615 3388 1894 3446 novimus
1958 3387 2152 3464 plane,

350 3486 518 3554 nulla
577 3506 639 3544 re
700 3488 938 3565 gravius
991 3489 1257 3565 torqueri
1312 3488 1572 3565 angique
1626 3486 1973 3565 religiosum
2028 3486 2155 3543 ani-
