2288 4036
182 246 337 279 Pium„
359 245 466 277 xm.
588 225 746 277 Ratio
770 223 874 292 qim
899 240 1010 275 oum
1034 222 1242 275 Electra
1267 220 1518 292 colloquii.
1828 224 1936 279 893

276 370 429 425 Mox
480 368 582 424 ubi
633 385 836 442 preces
886 365 1330 441 interpellanda}
1382 371 1568 433 erant,
1619 365 1745 440 ipsa
1795 385 1939 441 quo-

183 484 298 541 que
340 463 736 538 interpellatio
783 462 1122 537 pertinebat
1171 463 1245 519 ad
1290 480 1466 519 sacra.
1564 461 1764 518 Primo
1807 482 1940 520 mu-

185 560 394 616 lierum
438 560 804 634 captivarum
848 557 1096 624 ChorUS,
1136 558 1350 614 deinde
1392 557 1468 614 ad
1502 556 1804 614 tumulum
1843 577 1940 615 ac-

184 657 342 713 cedit
388 655 627 712 Electra
669 656 811 730 ipsa,
863 655 1145 711 ministrae
1188 654 1467 712 videlicet
1510 655 1852 712 inferiarum
1903 675 1940 712 a

183 754 385 829 regina
441 754 766 809 missarum.
856 750 1088 807 Harum
1140 757 1342 808 autem
1388 751 1695 827 utriusque
1746 770 1940 809 sermo

182 848 471 924 plurimus
506 849 568 904 in
599 867 669 905 ea
698 847 822 905 sola
849 848 1173 922 quaestione
1204 853 1486 916 versatur,
1517 847 1772 906 liceatne
1805 848 1941 907 Ma-

183 944 356 1001 nibus
410 944 707 1000 interfecti
755 943 938 1001 libare
983 945 1162 1019 dapes
1212 964 1318 1020 per
1363 963 1495 1001 eam
1540 944 1768 1003 oblatas
1812 965 1941 1020 quae

184 1041 357 1098 caedis
396 1041 590 1098 fuerat
626 1060 758 1098 rea:
808 1060 925 1115 qua
960 1041 1331 1099 dubitatione
1367 1040 1615 1110 sublata,
1644 1043 1943 1117 precibus-

184 1156 299 1211 que
329 1137 629 1203 confectiS,
662 1136 927 1210 sequitur
957 1135 1272 1191 decantata
1309 1134 1412 1191 illa
1444 1134 1805 1213 α’ναγνωρῖσ-ις
1835 1156 1944 1212 per

184 1234 407 1290 crinem
438 1232 666 1290 Orestis
696 1232 980 1298 votivum,
1012 1230 1247 1286 tumulo
1276 1230 1639 1306 impositum.

269 1329 404 1397 Quo
433 1329 494 1386 in
535 1327 666 1385 loco
697 1326 1013 1402 diligenter
1051 1325 1575 1383 animadvertenda
1603 1333 1693 1384 est
1722 1327 1944 1404 signifi-

184 1425 338 1481 catio
389 1422 491 1479 illa
541 1442 660 1479 non
708 1422 887 1478 dubia
937 1421 1158 1478 sedulae
1209 1422 1467 1496 pietatiS,
1514 1422 1671 1496 quod
1714 1423 1943 1480 medios

183 1522 338 1577 inter
379 1519 690 1595 amplexus
734 1517 1117 1592 subitumque
1159 1517 1460 1594 gaudium,
1499 1518 1682 1575 fratre
1723 1526 1945 1594 praeter

185 1635 350 1692 spem
386 1634 634 1682 reverSO‚
665 1614 932 1672 continet
962 1615 1493 1689 se‘quodammodo
1538 1633 1699 1672 soror
1740 1635 1942 1673 aman-

185 1712 424 1779 tissima,
456 1718 518 1769 et
547 1711 622 1768 ad
660 1711 1097 1768 invocationem
1129 1709 1394 1767 Deorum
1425 1718 1671 1791 repente
1701 1731 1945 1769 conver-

185 1810 334 1866 titur
350 1804 415 1867 ¹¹:

537 1903 669 1958 μόνον
688 1902 841 1959 κράτος
861 1919 908 1945 τε
929 1901 997 1945 καὶ
1020 1901 1126 1958 Δίκη
1148 1919 1231 1946 συν
1250 1904 1311 1962 τῷ
1331 1902 1463 1961 τρίτῳ

538 1974 707 2017 πάντων
725 1972 934 2033 μεγίστῳ,
957 1974 1072 2029 Ζηνὶ,
1095 1973 1352 2032 συγγένοιτό
1372 1993 1460 2030 μοι.

186 2082 394 2140 Frater
424 2089 646 2150 autem,
683 2089 752 2140 ut
787 2089 915 2141 erat
955 2090 1168 2140 natura
1195 2084 1468 2151 severior,
1497 2103 1573 2140 ne
1603 2084 1783 2140 verbo
1814 2083 1944 2159 qui-

186 2181 322 2237 dem
351 2181 642 2237 teneriore
669 2179 958 2256 lacrymis
998 2180 1125 2254 ejus
1155 2186 1217 2236 et
1252 2179 1625 2255 amplexibus
1668 2181 1942 2249 occurrit,

185 2276 287 2333 sed
317 2277 379 2332 in
398 2277 589 2352 justas
619 2277 822 2334 statim
851 2295 1054 2352 preces
1085 2278 1359 2352 erumpit,
1384 2283 1452 2333 ut
1479 2278 1579 2352 qui
1610 2277 1839 2334 laboret
1872 2297 1941 2335 ac

184 2391 358 2448 poene
381 2373 756 2430 exhorrescat
779 2374 976 2429 animo
1007 2380 1250 2448 propter
1271 2374 1744 2450 magnitudinem
1774 2376 1940 2450 pensi

186 2469 295 2528 sibi
324 2468 555 2527 caelitus
584 2469 861 2546 assignati
887 2467 934 2526 i1

539 2608 633 2657 Ζεῦ,
655 2608 751 2657 Ζεῦ,
773 2605 933 2662 θεωρὸς
953 2606 1086 2650 τῶνδε
1107 2605 1370 2663 πραγμάτων
1388 2609 1531 2663 γενοῦ·

539 2677 633 2720 ἰδοῦ
656 2677 703 2719 δέ
722 2676 875 2734 γε’νναν
895 2676 1007 2721 εὖνιν
1026 2677 1153 2720 ἀετοῦ
1174 2678 1337 2734 πατρὸς

540 2747 741 2792 θάνοντος
762 2747 807 2790 ἐν
826 2750 1055 2793 πλεκταῖσι
1076 2750 1145 2791 καὶ
1167 2747 1435 2807 σπειράμασι

540 2818 677 2874 δεινῆς
697 2818 880 2876 ἐχίδνης·
912 2819 1012 2865 τοὺς
1031 2818 1068 2862 δ’
1091 2819 1508 2877 ἀπωρφανισμένους

539 2891 686 2944 νῆστις
705 2889 838 2943 πιέζει
857 2892 996 2946 λιμός·
1029 2892 1079 2934 οὐ
1099 2891 1183 2949 γὰρ
1206 2891 1391 2937 ἐντελεῖς

541 2959 674 3017 θήραν
693 2960 894 3020 πατρῴαν
913 2962 1186 3021 προσφέρειν
1206 2962 1489 3020 σκηνήμασιν.

188 3080 420 3139 Videtis
458 3081 604 3139 illud
636 3083 877 3141 solenne
906 3085 1211 3162 AEschyIO,
1242 3094 1311 3144 ut
1342 3106 1418 3144 ex
1448 3087 1802 3146 animalibus
1846 3108 1942 3146 su-

188 3184 312 3234 mat
355 3178 784 3247 similitudines,
817 3181 1008 3256 deque
1039 3201 1241 3238 eorum
1288 3183 1549 3241 moribus
1578 3192 1640 3241 et
1670 3185 1938 3252 fortunis,

187 3273 346 3331 aliud
409 3293 608 3350 agenS,
669 3275 1001 3335 historiolas
1061 3279 1341 3354 quasdam
1402 3287 1702 3338 contexat.
1818 3282 1938 3339 Sed

188 3387 323 3425 cum
355 3368 565 3426 Oreste
597 3391 938 3448 pergamus:

423 3564 446 3593 h
474 3566 654 3622 Glzoiywlz.
682 3581 780 3620 240.
1433 3569 1441 3594 ⁵
1463 3571 1575 3613 Ibid.
1601 3585 1700 3624 244.
