2288 4036
220 184 332 241 568
620 185 910 261 Sophoclem
935 187 1127 261 saepius
1149 209 1246 245 sua
1271 189 1581 263 compilare:
1658 210 2029 248 PRAEL.XXV111.

222 334 570 413 ignominia,
618 356 736 413 qua
779 336 892 394 sibi
939 336 1183 395 videtur
1225 337 1399 408 affici,
1432 340 1533 416 qui
1583 340 1639 396 vi
1683 337 1922 410 doloriS,
1954 345 2026 397 ut

221 435 489 505 foemina,
535 436 802 513 eruperit
847 436 909 492 in
957 435 1289 514 lacrymas3
1335 445 1560 496 caetera
1603 438 1794 495 ferme
1838 437 2025 495 habet

221 550 361 592 cum
396 532 742 592 Philoctete
773 535 1136 593 communia.
1220 545 1223 548 ’

308 630 679 691 Occurretur
723 632 974 691 fortasse
1019 653 1055 691 a
1098 634 1484 705 nonnemine,
1519 642 1832 712 quaerente
1875 652 2023 691 num

219 730 365 790 satis
395 738 562 788 recte
592 731 866 808 capiatur
896 731 1246 808 conjectura
1275 732 1351 791 ab
1382 734 1455 793 iis
1485 748 1623 811 quae
1655 735 1730 792 ad
1762 733 2026 810 corporis

220 829 529 908 pertinent
558 847 842 908 angores:
891 831 1116 908 quippe
1147 832 1249 909 qui
1281 832 1454 891 dolor
1482 833 1739 892 eandem
1763 832 1890 891 fere
1921 832 2026 890 ha-

219 925 364 985 beat
394 928 457 984 in
488 927 770 986 omnibus
799 927 1149 988 hominibus
1179 931 1499 1001 rationem,
1519 930 2024 1008 simplicissimam

218 1025 384 1084 illam
418 1026 699 1103 quidem:
745 1028 832 1086 ita
876 1035 947 1086 ut
992 1026 1144 1087 nihil
1190 1030 1268 1087 sit
1312 1030 1767 1100 interfuturum,
1803 1030 1867 1087 in
1911 1028 2027 1087 hoc

219 1145 295 1184 an
325 1126 388 1183 in
420 1125 526 1184 illo
557 1134 883 1204 spectetur.
970 1127 1289 1188 Faciamus
1334 1129 1543 1207 itaque
1587 1128 1927 1207 periculum
1963 1129 2025 1186 in

218 1225 338 1284 alio
382 1245 622 1304 genere,
655 1227 760 1285 sed
800 1228 864 1285 in
909 1229 1126 1286 eodem
1174 1226 1538 1288 Philoctete.
1630 1227 1795 1287 Nam
1829 1229 2026 1306 tangit

218 1326 269 1385 is
313 1324 733 1396 similitudine,
769 1334 839 1385 ut
883 1327 1097 1386 morbo
1132 1325 1488 1397 Herculem,
1519 1328 1607 1386 ita
1637 1326 2025 1394 contumelia,

219 1444 400 1503 quam
446 1444 765 1504 perpessus
811 1434 904 1485 est
940 1428 1018 1486 ab
1049 1425 1303 1496 Atridis,
1338 1426 1644 1505 Ulyssem.
1733 1425 1876 1485 Jam
1922 1446 2028 1484 au-

217 1533 346 1584 tem
393 1526 636 1603 paribus
682 1544 802 1584 non
848 1527 1031 1585 modo
1063 1525 1211 1586 locis
1241 1545 1454 1584 verum
1485 1526 1672 1585 etiam
1703 1526 2027 1585 verborum

216 1623 492 1683 formulis
552 1623 857 1683 lacessunt
916 1632 1174 1702 uterque
1233 1625 1510 1684 inimicos
1569 1645 1725 1684 suos.
1820 1623 2028 1684 Facile

217 1741 449 1792 noscaS,
498 1742 713 1801 parum
773 1725 837 1782 in
891 1744 964 1782 eo
1016 1724 1200 1782 fuisse
1256 1723 1630 1801 scriptorem,
1686 1731 1756 1781 ut
1808 1723 2027 1800 cuique

216 1840 326 1899 pro
371 1823 665 1901 cujusque
710 1822 923 1882 habitu
971 1842 1140 1882 suam
1173 1824 1476 1900 quandam
1522 1822 1672 1881 iram
1711 1822 2026 1881 tribueret.

220 1921 416 1991 Quid?
462 1921 844 2001 Antigonem
868 1941 1008 1981 cum
1031 1921 1574 1989 Electra,Creonta
1596 1922 1820 1980 iratum
1844 1929 2028 1999 atque

216 2021 428 2100 auguri
477 2023 866 2081 minitantem
915 2029 1057 2080 cum
1102 2020 1324 2099 OEdipo
1374 2020 1547 2100 Rege
1592 2021 1777 2099 siquis
1829 2028 2030 2080 atten-

215 2122 338 2180 tius
383 2120 729 2190 contulerit,
775 2141 978 2180 nonne
1022 2121 1107 2179 ibi
1153 2140 1394 2198 quoque
1442 2122 1707 2197 requiret
1755 2121 2024 2179 nat-ivam

214 2219 383 2279 illam
426 2220 595 2297 quasi
650 2220 922 2279 colorum
971 2221 1350 2290 variet-atem,
1389 2240 1680 2298 verasque
1728 2240 1905 2279 voces
1949 2219 2027 2278 ab

215 2321 341 2379 imo
386 2328 633 2398 pectore
679 2321 944 2398 ejectas?
1035 2320 1240 2391 Quid?
1291 2319 1749 2398 Chrysothemis
1795 2321 2028 2399 Argiva

216 2427 281 2478 et
312 2418 557 2479 Ismene
586 2419 893 2490 Thebana,
923 2440 1126 2479 nonne
1171 2420 1483 2497 conceptis
1521 2420 1647 2478 fere
1678 2420 1877 2478 verbis
1907 2420 2029 2497 eje-

216 2528 353 2580 rant
392 2528 648 2597 utraque
680 2520 896 2579 sorori‘s
926 2519 1290 2580 consilium?
1382 2518 1550 2578 Nam
1596 2518 1746 2578 illud
1779 2519 2025 2596 quidem

213 2621 275 2678 in
333 2627 620 2699 promptu
666 2620 965 2689 omnibus,
1012 2640 1151 2679 cum
1203 2626 1438 2697 septem
1487 2618 1670 2677 modo
1725 2619 2028 2697 supersint

218 2718 536 2798 Sophoclis
572 2718 815 2787 fabulae,
847 2728 944 2778 ter
987 2719 1147 2797 apud
1180 2738 1320 2777 eum
1368 2719 1430 2776 in
1475 2725 1678 2796 partes
1709 2720 1910 2777 vocari
1951 2719 2028 2777 si-

213 2820 473 2879 lentium
521 2819 675 2878 illud
726 2818 886 2878 male
935 2818 1292 2889 ominatum,
1334 2818 1631 2877 nobilium
1679 2817 2024 2889 mulierum,

217 2940 368 2998 quae‚
405 2918 578 2978 clade
624 2917 812 2977 semel
858 2919 1087 2988 audita,
1140 2917 1349 2977 statim
1398 2917 1473 2976 ad
1523 2917 1771 2995 laqueos
1813 2917 1910 2976 vel
1949 2917 2026 2976 ad

214 3019 446 3099 gladios
490 3019 769 3077 abierint.
862 3016 1108 3096 Nempe
1155 3017 1231 3076 de
1276 3015 1525 3077 ‚Iocasta
1569 3017 1834 3095 primum
1879 3018 2022 3077 dici-

217 3127 320 3178 tur
338 3126 361 3155 ⁰
1960 3137 1986 3156 ο

364 3163 378 3187 '
520 3199 565 3246 τί
582 3217 691 3244 ποτε
711 3198 918 3257 βέβηκεν,
943 3197 1167 3252 Οἰδίπους,
1189 3197 1261 3245 ὑπ’
1285 3196 1442 3260 ἀγρίας

522 3271 689 3332 αἵξασα
709 3271 853 3330 λύπης
874 3271 900 3330 ἡ
921 3271 1059 3331 γυνῆ;
1088 3271 1254 3332 δέδοιχ’
1278 3272 1398 3320 ὅπως

523 3347 581 3406 μὴ
601 3346 641 3393 ’κ
664 3349 741 3406 τῆς
763 3349 932 3405 σιωπῆς
952 3346 1079 3405 τῆσδ’
1101 3345 1336 3407 ἇναρρῆξει
1359 3348 1488 3393 κακά,

900 3542 919 3565 ‘³
947 3534 1050 3580 OEd.
1080 3535 1183 3593 Tyr.
1214 3549 1344 3594 1092.
