2288 4036
273 221 385 276 5552
532 219 809 278 Divinitas
835 220 1071 278 cecinisse
1096 220 1304 291 PoetaS,
1331 230 1440 278 tum
1466 221 1665 297 υαῖψιιε,
1718 241 1882 280 PRAEL.
1905 242 2079 281 xxva.

274 359 421 449 quid
453 372 783 431 tentaverit
824 368 883 429 iu
922 387 1024 430 eos
1057 371 1159 449 qui
1193 369 1464 430 Deorum
1504 387 1691 450 prope
1722 371 1966 431 oracula
1995 372 2083 432 fe-

274 471 508 530 rebant.
606 472 810 542 Quare
847 477 910 529 et
943 468 1304 541 Simonides
1339 469 1604 540 Pindari,
1636 477 1706 529 ut
1737 472 1924 541 aiunt,
1956 490 2084 531 ma-

273 570 478 648 gister,
504 561 803 648 insignem
829 557 1117 630 Hieronis
1135 568 1396 649 Tyranni
1419 569 1679 649 gratiam
1701 570 1961 641 meruit3
2003 588 2083 630 ex

277 690 398 747 quo
429 667 717 729 effectum
748 675 860 738 est,
893 677 963 728 ut
997 670 1059 727 in
1090 668 1196 728 illo
1230 668 1490 749 Dialogo
1522 671 1623 747 qui
1655 670 1900 729 nomine
1933 666 2084 729 Hie-

276 769 436 827 ronis
467 766 830 838 inscribitur,-
854 764 1203 847 Xenophon
1227 769 1713 848 elegantissimus
1742 756 2083 828 istiusmodi

277 868 541 946 partium
574 865 801 927 arbiter
830 859 973 928 huic
1003 869 1387 946 potissimum
1419 870 1568 948 regii
1601 867 1921 928 consiliarii
1951 885 2086 947 per-

275 982 485 1027 sonam
539 967 869 1026 tribueret:
923 975 988 1027 et
1036 967 1318 1028 laudatus
1362 967 1467 1028 ille
1510 966 1787 1048 Tyrtaeus
1839 975 2084 1027 tantum

275 1064 480 1145 potuit
511 1065 672 1145 apud
703 1065 1051 1145 Spartanos,
1084 1075 1154 1126 ut
1194 1086 1316 1126 non
1363 1065 1544 1126 modo
1582 1084 1809 1127 novum
1849 1068 1913 1127 in
1959 1086 2086 1127 cer-

276 1173 485 1223 tamen
530 1163 773 1243 fugatos
818 1182 888 1224 ac
932 1183 1110 1244 paene
1143 1165 1533 1243 desperantes
1578 1174 1841 1237 acueret,
1874 1183 2086 1225 verum

275 1265 464 1324 etiam
494 1272 566 1324 ut
598 1263 859 1325 Helotas
903 1265 1136 1344 aliquos
1175 1285 1253 1326 ex
1295 1264 1424 1345 ejus
1462 1265 1769 1326 sententia
1798 1265 2086 1326 duxerint
2148 1293 2151 1298 ·

273 1363 831 1424 manumittendos:
893 1383 1014 1442 quo
1060 1364 1310 1425 consilio
1358 1366 1459 1424 vix
1506 1364 1833 1444 quidquam
1884 1364 2087 1444 potuit

275 1462 540 1523 odiosius
570 1463 697 1522 dari
728 1483 798 1523 ac
830 1463 1162 1533 molestius
1196 1471 1445 1543 propter
1474 1465 1718 1523 insitam
1741 1461 2086 1523 Laconibus

276 1563 699 1642 arrogantiam.
764 1561 988 1642 Neque
1008 1583 1150 1623 vero
1173 1584 1315 1623 eum
1346 1565 1408 1623 id
1434 1564 1702 1623 effecisse
1727 1563 2087 1623 crediderim

277 1660 405 1722 sola
436 1653 806 1721 Martiorum
848 1664 1184 1723 carminum
1224 1665 1301 1735 vi,
1333 1664 1437 1724 sed
1484 1662 1682 1724 multo
1722 1664 1916 1744 magis
1961 1663 2090 1742 opi-

276 1761 457 1820 nione
488 1759 750 1839 quadam
782 1761 1156 1831 sanctitatis;
1203 1761 1428 1838 quippe
1449 1821 1451 1823 ,
1473 1761 1827 1820 arcessitum
1859 1756 2087 1819 oraculi

279 1852 536 1933 monitU,
568 1860 1050 1938 fundentemque
1081 1871 1287 1919 versus
1332 1861 1463 1938 ipso
1505 1860 1855 1939 praeliorum
1894 1860 2087 1930 initio,

278 1969 460 2040 prout
491 1968 674 2021 oestro
705 1969 835 2019 erat
879 1960 943 2019 in
987 1978 1248 2038 praesens
1294 1959 1577 2038 percitus·
1670 1957 1857 2018 Porro
1897 1958 2091 2018 nemi-

280 2079 423 2119 nem
453 2060 616 2138 quod
654 2060 841 2120 sciam
882 2058 1142 2139 legimus
1177 2079 1377 2137 neque
1411 2055 1692 2141 ῥαψῳδὸν
1722 2077 1921 2137 neque
1951 2055 2091 2137 lyri-

281 2179 424 2220 cum
471 2159 598 2219 ulla
648 2176 917 2238 unquam
970 2160 1198 2219 invidia
1242 2157 1338 2217 vel
1387 2158 1673 2237 principis
1722 2158 1821 2218 vel
1862 2158 2089 2217 civium

281 2275 528 2318 suorum
572 2257 814 2336 gravius
858 2258 1086 2327 arsisse,
1134 2264 1383 2336 propter
1423 2257 1571 2315 vitia
1622 2251 1800 2316 nimis
1845 2257 2090 2315 incaute

281 2356 661 2437 reprehensa.
715 2356 897 2428 Quod
922 2364 1133 2416 contra
1155 2355 1442 2416 multavit
1464 2356 1723 2435 populus
1748 2355 2092 2415 Athenien-

282 2461 361 2519 sis
386 2456 799 2537 Phrynichum
832 2457 1106 2535 pecunia,
1132 2454 1451 2516 Socratem
1481 2457 1668 2516 etiam
1700 2456 1863 2516 vita:
1909 2456 2090 2515 credo

284 2560 428 2637 quia
457 2558 555 2618 vel
584 2556 753 2616 nulla
783 2557 881 2616 vel
911 2565 1077 2616 certe
1113 2555 1424 2616 obscurior
1460 2557 1742 2617 exstabat
1785 2556 1948 2635 apud
1986 2575 2091 2615 eos

284 2659 505 2738 opinio,
538 2657 742 2717 Deum
775 2657 1141 2716 carminibus
1173 2665 1237 2716 et
1268 2657 1506 2717 vatibus
1537 2650 1763 2716 adesse.

374 2759 695 2818 Hactenus
731 2757 808 2817 de
839 2756 1004 2837 vulgi
1035 2757 1303 2836 judicio:
1362 2766 1575 2817 cavete
1616 2765 1844 2827 autem,
1875 2776 2094 2838 παρρη-

286 2858 414 2918 σιάν
444 2859 612 2918 illam
644 2857 959 2917 Poeticam
990 2857 1114 2917 ulla
1156 2877 1221 2917 re
1258 2858 1451 2937 magis
1484 2857 1744 2936 viguisse
1775 2857 2090 2926 censeatis,-

286 2979 469 3038 quam
510 2957 714 3018 divina
754 2957 1017 3035 quadam
1061 2958 1347 3036 ipsorum,
1378 2957 1483 3034 qui
1523 2957 1870 3027 cantabant,
1907 2957 2093 3016 auda-

286 3058 413 3127 cia3
460 3056 698 3134 quoties
734 3056 1013 3115 videlicet
1042 3069 1395 3134 persuasum
1426 3063 1557 3115 erat
1592 3054 1788 3125 alicui,
1822 3054 1951 3114 fieri
1987 3074 2094 3134 po·-

287 3158 475 3217 tuisse
506 3163 577 3213 ut
606 3155 670 3212 in
701 3154 821 3213 suis
852 3174 1094 3233 quoque
1123 3155 1491 3215 carminibus
1521 3156 1746 3213 inesset
1777 3172 1895 3212 vox
1927 3173 2094 3231 quae-

288 3259 429 3316 dam
460 3273 583 3313 non
606 3274 713 3313 sua
736 3253 841 3312 sed
873 3253 1163 3314 divinitus
1186 3254 1368 3314 edita.
1459 3253 1791 3312 Pindarum
1815 3271 1887 3312 ea
1909 3254 2093 3313 fuisse

290 3354 609 3423 sententia,
646 3373 868 3432 magno
912 3355 1098 3432 ipsius
1140 3352 1402 3413 Poeseos
1448 3354 1789 3424 commode,
1820 3354 1966 3412 satis
1996 3351 2093 3412 vel

289 3476 412 3515 uno
457 3455 563 3513 illo
608 3454 898 3513 docemur
941 3456 1225 3524 carmine,
1257 3453 1419 3532 quod
1464 3454 1730 3532 primum
1774 3454 1935 3512 inter
1977 3453 2094 3531 Py-

287 3556 456 3616 thica
499 3555 740 3635 legitur.
834 3557 931 3614 Ac
964 3556 1139 3613 venia
1176 3555 1253 3614 sit
1299 3574 1493 3633 pauca
1536 3553 1635 3613 hic
1682 3554 1984 3631 repetenti
2016 3551 2091 3613 de
