2288 4036
899 199 1258 252 INDEX.

167 327 315 371 xxxvi.
339 335 438 384 725.
481 338 602 368 mors
636 324 730 390 ejus
763 339 866 367 cum
901 324 1020 367 Hec-

167 386 275 429 toris
295 390 436 427 morte
457 389 752 439 compomtur,
777 382 875 440 726.

115 444 268 500 Tybris
308 443 363 486 ab
400 441 545 485 AEnea
585 440 834 498 navigatus,
871 441 1020 484 xxxvi.

201 514 224 544 2
261 534 270 544 .

115 513 342 616 Tyihieum
404 556 646 600 miserescit
717 556 1021 608 Prometheus,

170 618 288 661 xviii.
311 630 365 673 32
369 627 412 673 5.
827 667 829 669 Ι

116 674 412 732 Tyrannicidae
426 672 580 724 similis
596 671 933 731 Clytemnestra,
948 687 1022 715 xx.

169 743 270 790 375·

117 791 306 848 Tyranni
327 805 406 834 cur
423 788 569 833 Poetis
590 790 878 846 pepercerint,
888 788 1023 832 xxvii.

169 861 271 907 551.

117 908 276 964 'Iyrtaei
296 906 544 950 carminum
559 905 640 958 vis,
655 905 789 950 xxvii.
805 915 906 963 552.

484 1021 648 1066 U—V.

120 1081 255 1138 Vaya,
290 1080 368 1124 Ius
409 1079 576 1132 οἰκεῖον,
610 1080 704 1138 ejus
745 1080 870 1133 ratio,
904 1080 1024 1124 xxiii.

171 1155 273 1193 444,
295 1150 397 1195 445·

120 1198 277 1241 Varius
299 1197 446 1248 Poeta,
468 1197 616 1241 xxxvi.
642 1207 742 1254 720.

119 1255 262 1300 Varus
281 1254 400 1312 apud
422 1255 674 1312 Virgilium,
697 1255 847 1299 xxxvi.
872 1255 971 1313 718.

120 1314 348 1358 Vaticiniis
382 1319 434 1356 ut
469 1314 714 1370 plurimum
749 1329 895 1357 carere
931 1313 1027 1356 Ho-

170 1386 357 1423 merum,
374 1371 462 1415 xvi.
478 1371 577 1415 266.
612 1372 924 1423 Hebraeorum,
938 1374 1028 1415 vel-

170 1436 222 1473 ut
262 1444 342 1473 sua
383 1429 525 1482 Poesi,
567 1430 775 1474 utebatur
816 1430 1028 1481 Ecclesia,

170 1503 274 1531 xxx.
327 1487 427 1542 624.
496 1488 722 1532 abundare
772 1489 1027 1546 Virgilium,

172 1546 321 1590 xxxix.
347 1545 447 1603 786.

120 1605 273 1648 Vatum
291 1604 587 1648 Hebraeorum
606 1605 840 1648 lectionem
860 1604 907 1648 in
931 1605 1028 1649 Ho-

171 1662 344 1706 mericis
366 1662 590 1719 prodesse,
612 1679 655 1706 x.
678 1674 775 1720 147.

121 1721 381 1765 Venantibus
414 1722 557 1765 multa
594 1721 834 1766 Homerica
869 1736 1029 1767 conve-

172 1779 280 1830 nire,
303 1794 346 1822 x·
375 1778 471 1822 160.

121 1838 298 1882 Venatio
318 1837 420 1881 fons
449 1837 653 1882 Heroicae
683 1838 886 1891 Poeseos,
908 1840 1028 1883 xxvi.

172 1895 276 1954 516.
328 1895 511 1940 diversis
553 1895 608 1939 de
643 1898 788 1941 causis
825 1898 1030 1941 delectari

172 1969 223 1998 ea
244 1953 496 1998 Homerum
515 1961 558 1998 et
580 1954 832 2013 Virgilium,
847 1957 1030 2001 xxxviii.

175 2022 275 2070 770·

122 2071 295 2115 Veneris
314 2070 362 2114 in
385 2070 630 2130 Hippolyto
647 2070 777 2124 ratio,
792 2073 912 2116 xxix.
928 2072 1029 2130 609.

173 2130 305 2173 etiam
326 2129 382 2173 ab
402 2129 549 2174 AEnea
568 2130 676 2174 visae
697 2131 848 2175 xxxix.
875 2141 974 2189 791.

122 2188 206 2234 Ver
225 2202 251 2231 a
273 2186 441 2232 Graecis
471 2189 614 2232 rarius
645 2190 902 2242 celebratur,
925 2205 1028 2234 xxv.

174 2245 275 2304 496.
314 2246 362 2290 in
382 2247 475 2303 ejus
495 2247 649 2292 laudes
671 2263 901 2292 excurrere
924 2248 1028 2292 Pin-

174 2305 347 2356 darum,
368 2304 488 2348 xxvi.
510 2317 612 2364 522.
659 2307 929 2364 conjungere
957 2322 1030 2351 eas

173 2362 412 2421 Virgilium
445 2378 550 2408 cum
587 2365 801 2409 memoria
831 2373 1031 2410 veterum

174 2436 338 2473 rerum,
360 2422 510 2466 xxxix.
533 2422 636 2480 786.

124 2479 263 2525 Verba
291 2480 466 2533 servire,
489 2496 582 2525 non
610 2481 843 2535 dominari,
869 2482 1030 2535 Poetis,

175 2538 324 2582 xxviii.
347 2548 448 2595 577.

124 2596 356 2640 Verborum
397 2598 548 2642 sonitu
582 2611 665 2660 res⁸
689 2598 942 2657 significari,
972 2601 1030 2645 ix.

180 2668 278 2709 140.

124 2713 397 2757 Verecundioe
431 2714 660 2759 consulere
697 2715 872 2768 Poesin,
906 2719 935 2761 i.
964 2733 1031 2762 11.

174 2771 453 2824 verecundia,
474 2773 637 2817 amoris
657 2774 886 2827 indicium,
902 2791 945 2820 v.
961 2776 1031 2820 61.

175 2836 221 2873 et
266 2830 454 2887 pietatis,
496 2830 567 2874 62.
627 2846 730 2876 cum
778 2835 1034 2891 exceptione

176 2888 383 2946 quadam,
398 2888 469 2946 63.
503 2891 665 2934 servari
685 2906 781 2935 eam
799 2907 902 2936 cum
922 2909 1033 2937 moe-

177 2946 391 3000 rentibus,
413 2947 488 2991 xii.
514 2947 611 3005 196.
634 2957 814 3007 propter
833 2966 930 3008 eam
953 2952 1035 2995 dif-

179 3005 304 3048 ficilis
341 3005 602 3064 Lyricorum
633 3007 885 3066 descriptio,
914 3011 1033 3055 xxiv.

179 3073 281 3121 470.
312 3063 512 3122 deligunt
523 3066 654 3109 multi
665 3081 734 3110 res
751 3082 777 3110 a
790 3082 872 3111 suo
886 3084 1034 3113 amore

179 3122 450 3174 remotiores,
476 3133 579 3181 471.
625 3125 698 3168 alii
718 3140 928 3170 numeros
950 3128 1033 3171 im-

151 3219 155 3221 .
178 3179 362 3236 plicatos
383 3180 610 3234 adhibent,
634 3193 735 3241 472.
770 3184 964 3236 Pindari,
980 3185 1034 3230 de

179 3237 516 3283 candidatorum
537 3255 628 3297 spe,
643 3240 744 3295 486.
777 3242 831 3286 de
852 3245 1035 3288 consilio

179 3295 392 3341 Arcesilae>
425 3297 542 3350 dato,
575 3300 710 3344 xxvii.
734 3311 837 3358 545.
889 3317 1035 3346 carere

179 3368 244 3420 ea,
262 3353 494 3400 dementiae
515 3356 744 3411 indicium,
766 3361 915 3404 xxxiv.
931 3360 1033 3418 687.

147 3454 150 3455 .
179 3426 227 3455 111
257 3427 352 3456 eam
380 3429 559 3470 peccare
578 3417 721 3460 solent
741 3418 819 3476 qui
839 3419 894 3463 de
917 3418 1034 3463 Infe-

181 3470 241 3513 ris
263 3471 477 3524 scribunt,
499 3475 649 3518 xxxix.
675 3485 776 3533 797.

130 3527 360 3572 Vernaculi
377 3530 539 3582 Poetae,
560 3533 619 3578 iv.
642 3548 715 3587 42.

130 3585 368 3632 Vernaculo
398 3604 521 3634 more
549 3592 778 3650 peregrina
802 3592 1037 3645 efferenda,

183 3645 333 3690 xxxiii.
356 3645 457 3705 667.

1917 201 2018 252 851

1113 324 1325 372 Versiculi
1346 323 1465 380 apud
1486 323 1725 380 Virgilium
1755 322 1933 380 abrupti
1953 337 2021 367 ra-

1167 383 1245 434 tio,
1267 382 1446 425 xxxviii.
1472 380 1571 439 769.
2068 395 2070 397 ·

1115 442 1349 485 Verulamii
1390 439 1444 483 de
1485 439 1749 483 Prometheo
1785 439 2020 497 judicium,

1167 499 1286 543 xviii.
1310 512 1411 555 311.
1937 545 1939 548 Α

1114 557 1274 614 Vesper
1289 556 1508 622 aVirgilio
1520 555 1774 612 depingitur
1782 555 2022 611 agrestium

1166 629 1305 667 more,
1326 629 1491 658 xxxvu.
1511 625 1610 672 743.

1116 674 1262 717 Vestes
1282 688 1308 716 a
1327 672 1459 730 regiis
1481 672 1638 729 puellis
1659 671 1808 722 lavari,
1826 671 1900 714 xii.
1924 685 2021 728 191.

1169 746 1194 774 a
1217 730 1501 788 Supplicibus
1521 730 1689 779 laniari,
1713 729 1833 772 xxiii.
1856 740 1958 786 459.

1116 790 1295 834 Vesulus
1323 804 1453 832 mons
1479 790 1526 832 in
1545 788 1790 846 Virgiliana
1819 788 2023 831 similitu-

1170 847 1286 899 dine,
1307 847 1488 890 xxxviii.
1512 857 1611 904 770.

1119 907 1318 950 Veterani
1348 905 1498 948 militis
1529 906 1576 948 in
1609 903 1827 962 Odysseia
1857 903 2024 960 signifi-

1170 965 1377 1016 cationes,
1399 963 1458 1006 xi.
1487 974 1583 1020 172.
1630 969 1792 1013 nautae,
1825 962 1872 1004 in
1902 961 2024 1005 Tire-

1171 1023 1246 1066 siae
1267 1022 1461 1073 oraculo,
1483 1022 1557 1065 xii.
1582 1035 1682 1065 201.
1818 1070 1820 1073 .

1119 1081 1260 1125 Vetula·
1300 1080 1598 1124 meminerunt
1633 1079 1792 1122 melius
1833 1085 1941 1130 acta,
1980 1092 2026 1121 se

1171 1140 1335 1195 pueris,
1358 1138 1447 1183 xiv.
1472 1152 1571 1192 241.

1064 1230 1066 1232 -
1121 1199 1255 1253 Ufens
1279 1197 1457 1248 fluvius,
1481 1212 1560 1240 cur
1580 1195 1768 1253 Virgilio
1799 1194 2026 1252 placuerit,

1172 1256 1352 1300 xxxviii.
1377 1266 1476 1313 775.

1120 1315 1340 1360 Victorum
1385 1313 1505 1371 apud
1547 1311 1791 1355 Pindarum
1831 1311 2026 1368 praemia,

1172 1389 1275 1417 xxv.
1298 1386 1401 1431 493.
1422 1387 1512 1429 seq.

1120 1432 1274 1476 Vinum
1300 1432 1587 1481 Daemonum,
1612 1428 1763 1472 Po'esis
1795 1427 1913 1485 apud
1946 1427 2028 1471 Pa—

1172 1497 1278 1542 tres,
1302 1490 1362 1533 xl.
1385 1490 1487 1532 810.

1121 1550 1292 1606 Viperei
1308 1546 1611 1592 Eumenidum
1633 1545 1790 1595 crines,
1808 1544 1912 1587 xxii.
1927 1558 2028 1598 421.

1120 1608 1365 1664 Virgiliana
1395 1621 1488 1649 non
1514 1605 1680 1648 frustra
1699 1603 1887 1654 venisse,
1910 1602 2029 1645 xxxi.

1172 1666 1273 1723 633.
1337 1665 1413 1723 qui
1454 1664 1543 1708 sint
1594 1662 1837 1705 etiamnum
1878 1676 2031 1711 eorum

1170 1740 1297 1776 usus,
1320 1723 1422 1780 634.
1471 1722 1525 1766 de
1545 1721 1647 1766 vitae
1679 1719 1905 1771 aerumnis,
1928 1734 2032 1763 cum

1176 1783 1380 1826 Lucretio
1402 1786 1748 1838 componuntur,
1771 1794 1906 1821 xxxv.
1930 1789 2029 1835 700.

1121 1842 1296 1898 Viryilii
1317 1840 1451 1885 verba
1470 1845 1715 1897 ponuntur,
1737 1838 1767 1881 i.
1790 1851 1858 1880 10.
1890 1837 1934 1880 ii.
1960 1851 2029 1880 22.

1175 1901 1234 1943 iii.
1260 1912 1331 1958 27,
1364 1912 1435 1956 34.
1486 1899 1546 1942 iv.
1579 1908 1651 1954 54.
1703 1912 1747 1940 v.
1770 1895 1840 1948 61,
1864 1895 1935 1950 65,
1960 1907 2030 1953 70.

1175 1959 1264 2003 viii.
1293 1969 1390 2016 107.
1427 1958 1488 2000 ix.
1516 1970 1614 2010 124.
1646 1971 1690 1998 x.
1718 1965 1814 2012 155.
1846 1954 1905 1997 xi.
1933 1966 2030 2012 172.

1175 2018 1249 2060 xii.
1278 2031 1374 2075 199.
1418 2016 1508 2059 xiii.
1534 2029 1634 2072 219.
1682 2029 1754 2057 xv.
1780 2024 1879 2070 250.
1927 2012 2030 2056 xvii.

1177 2089 1278 2133 290.
1301 2074 1419 2119 xviii.
1442 2088 1543 2132 312,
1566 2086 1669 2130 315.
1692 2072 1781 2116 xix.
1804 2086 1906 2128 341,
1929 2083 2030 2128 345.

1175 2134 1280 2177 xxii.
1314 2148 1415 2191 434.
1471 2147 1574 2176 xxv.
1609 2145 1709 2189 499.
1762 2130 1896 2173 xxvii.
1929 2141 2029 2187 557.

1174 2209 1279 2236 xxx.
1322 2192 1424 2249 623.
1475 2191 1596 2234 xxxi.
1640 2190 1741 2247 633,
1784 2188 1886 2246 636,
1928 2188 2028 2247 643.

1174 2267 1309 2295 xxxv.
1329 2262 1429 2309 713.

1122 2311 1332 2366 Viryilius
1352 2310 1407 2353 ab
1427 2308 1625 2351 Homero
1640 2313 1886 2358 mutuatur,
1900 2322 1943 2350 v.
1958 2306 2030 2350 60.

1173 2370 1315 2412 multa
1335 2367 1598 2417 dissimulat,
1620 2365 1691 2423 65.
1742 2365 1891 2408 minus
1912 2379 2037 2408 ama·-

1173 2434 1220 2470 ta
1259 2426 1477 2470 curiosius
1518 2424 1786 2482 exsequitur,
1828 2423 1900 2467 66.
1962 2439 2031 2467 res

1175 2492 1343 2529 amatas
1363 2484 1529 2535 irridet,
1554 2493 1624 2540 71.
1677 2481 1848 2525 divitias
1870 2497 1962 2526 non
1981 2490 2033 2527 ut

1179 2544 1405 2589 Homerus
1456 2542 1792 2598 contemplatur,
1843 2557 1887 2584 x.
1933 2542 2030 2595 158.

1178 2602 1436 2647 “miseros''
1459 2602 1665 2645 mortales
1687 2600 1889 2656 appellat,
1911 2600 2030 2643 xviii.

1178 2675 1279 2719 314.
1336 2675 1440 2704 cum
1480 2659 1695 2715 AEschylo
1736 2658 2031 2714 componitur,

1177 2720 1282 2763 xxii.
1313 2734 1414 2776 434.
1467 2718 1590 2760 fictas
1630 2716 1761 2759 infert
1798 2716 2032 2759 Pastorum

1177 2792 1404 2835 personas,
1437 2776 1554 2819 xxiv.
1587 2786 1687 2832 470.
1752 2773 1917 2818 Caesari
1952 2775 2031 2818 ob-

1177 2836 1449 2893 temperavit,
1472 2845 1573 2891 475.
1608 2832 1779 2876 laudari
1799 2833 1853 2876 ab
1875 2847 1926 2876 eo
1949 2832 2031 2876 So-

1177 2895 1396 2952 phoclem,
1414 2893 1562 2936 xxviii.
1582 2891 1682 2946 562.
1712 2906 1815 2934 cum
1834 2891 2033 2934 Homero

1181 2953 1476 3010 componitur,
1499 2967 1602 2994 xxx.
1627 2950 1728 2993 612.
1761 2949 1912 2993 scribit
1942 2951 2031 2993 vel-

1179 3012 1246 3055 uti
1281 3012 1426 3054 fessus
1462 3009 1665 3067 negotiis,
1702 3007 1803 3051 621.
1870 3022 2031 3064 oppor-

1177 3078 1286 3113 tune
1334 3068 1508 3113 venisse
1559 3068 1652 3125 ejus
1704 3066 1877 3117 Poesin,
1929 3066 2031 3120 625.

1177 3128 1400 3171 Theocriti
1421 3127 1686 3170 imitatorem
1714 3140 1760 3168 se
1788 3124 2031 3181 profitetur,

1177 3187 1297 3229 xxxi.
1321 3184 1421 3243 636.
1453 3178 1603 3228 xxxvi.
1628 3195 1726 3241 719.
1767 3183 1887 3226 velut
1906 3197 2030 3239 puer,

1179 3244 1365 3288 Naturae
1402 3243 1634 3287 dulcedine
1674 3241 1856 3297 capitur,
1894 3241 2030 3284 xxxii.

1180 3302 1281 3357 648.
1326 3302 1466 3359 ipsius
1498 3301 1551 3345 de
1583 3315 1629 3344 se
1653 3307 1696 3344 et
1730 3298 1933 3342 Lucretio
1956 3299 2032 3355 ju·-

1181 3361 1361 3412 dicium,
1394 3359 1499 3403 ibid.
1534 3360 1632 3417 781.
1694 3358 1788 3416 ejus
1828 3357 2032 3414 εἰρωνεία,

1181 3418 1282 3477 649,
1307 3420 1406 3477 782.
1445 3417 1700 3461 Lucretium
1731 3431 1777 3459 se
1806 3415 1866 3458 ait
1894 3415 2032 3472 respi-

1180 3492 1291 3528 cere,
1324 3476 1472 3520 xxxvi.
1507 3486 1605 3533 715.
1670 3473 1905 3517 Pastoralis
1940 3488 2033 3516 non

1180 3535 1349 3592 Epicus
1382 3534 1534 3578 haberi
1567 3533 1720 3584 voluit,
1754 3533 1853 3589 718.
1915 3529 2031 3575 ilun-

1181 3608 1315 3651 quam
1339 3592 1588 3636 Homericis
1620 3607 1666 3635 se
1693 3589 1907 3648 adjungit,
1933 3603 2031 3647 719.

1181 3653 1358 3709 elegans
1383 3651 1452 3695 sui
1468 3650 1620 3709 judex,
1645 3660 1744 3707 720.
1793 3663 1871 3693 cur
1891 3648 2035 3706 primo

1203 3739 1387 3793 ‚312
