2288 4036
387 176 496 231 618
602 179 712 232 Our
736 179 1036 232 Aristoteles
1060 180 1124 233 de
1149 181 1295 233 ruris
1318 180 1614 234 amantibus
1636 190 1818 236 taceat.
1872 202 2032 237 PRAEL.
2050 205 2181 239 xxx.

470 324 628 383 Cum
659 326 1010 404 Thucydide
1046 328 1193 386 facit
1225 326 1682 405 Aristophanes,
1715 330 1882 389 nulla
1917 350 2039 388 non
2070 330 2187 390 Co-

382 424 606 482 moedia
663 426 1038 483 mentionem
1097 426 1389 485 adhibens
1442 428 1761 506 pinguium
1816 448 2186 506 camporum,

383 521 611 579 villulae
635 522 954 593 affiuentis,
966 524 1310 582 vetulorum
1332 525 1488 584 festo
1509 527 1607 584 die
1631 527 2048 604 apricantium,
2070 547 2186 586 cae-

382 629 651 679 terorum
683 643 815 699 quae
855 625 931 682 ad
976 644 1077 683 rus
1118 625 1367 683 beatum
1415 627 1740 703 pertinent.
1830 626 2187 686 Accedebat

382 721 595 796 utique
633 740 942 779 servorum
973 722 1182 800 copia:
1231 743 1309 782 ne
1354 724 1513 782 forte
1557 725 1796 794 mirere,
1829 725 2058 783 Atticis
2089 725 2186 782 vel

381 820 667 877 mediocri
714 819 848 878 loco
894 821 1051 879 natis
1082 823 1276 879 otium
1309 829 1436 879 tam
1467 823 1709 881 abunde
1755 824 2185 901 suppeditasse,

380 918 543 993 quod
574 920 636 976 in
668 920 825 998 agris
855 928 1058 996 posset
1088 921 1343 997 quisque
1375 940 1747 980 consumere.

467 1018 671 1088 Quare
702 1019 859 1077 sicut
888 1018 1007 1077 illis
1041 1018 1402 1087 Homericis,
1435 1021 1519 1078 sic
1549 1020 1643 1078 his
1674 1041 1915 1097 quoque
1939 1021 2184 1100 Tragoe-

381 1117 471 1174 dis
502 1137 621 1175 non
649 1117 992 1187 defuerunt,
1013 1138 1269 1194 quorum
1295 1138 1410 1196 ope
1439 1119 1671 1178 mederi
1701 1127 1946 1196 possent
1977 1121 2184 1189 amori,

379 1233 499 1294 quo
544 1216 897 1295 flagrabant,
941 1217 1244 1295 sylvarum
1289 1237 1359 1276 ac
1414 1217 1753 1277 fluminum.
1852 1217 1983 1277 Illis
2035 1218 2186 1276 nihil

379 1336 529 1394 opus
561 1323 690 1375 erat
721 1324 868 1374 tunc
899 1317 1190 1393 temporis
1224 1317 1394 1393 justo
1426 1317 1710 1386 carmine,
1743 1337 1883 1375 cum
1914 1318 1977 1375 in
2006 1317 2186 1375 rebus

378 1410 522 1488 ipsis
546 1411 818 1487 quotidie
849 1431 918 1470 ac
949 1411 1138 1469 libere
1169 1419 1571 1470 versarentur.
1658 1411 1838 1479 Satis,
1862 1418 1933 1469 ut
1957 1414 2183 1489 opinor,

378 1508 703 1578 habebant,
757 1511 806 1568 si
857 1512 1091 1569 ratione
1153 1510 1640 1579 similitudinum,
1696 1512 1743 1569 si
1797 1510 1994 1569 verbis
2045 1510 2184 1568 hinc

377 1609 520 1666 inde
551 1610 767 1686 sparsis
798 1608 1081 1667 efferrent
1111 1609 1449 1667 identidem
1473 1611 1618 1687 quid
1649 1611 1812 1668 intus
1843 1609 2154 1668 sentirent.

466 1706 647 1776 Quod
679 1708 726 1766 si
758 1709 891 1784 quis
921 1708 1095 1766 malit
1127 1708 1404 1766 extitisse
1436 1708 1623 1766 etiam
1653 1709 1848 1786 prisco
1878 1706 1983 1765 illo
2012 1707 2186 1766 Grai-

380 1825 553 1863 orum
602 1805 826 1863 saeculo
869 1807 973 1883 qui
1019 1807 1226 1864 dedita
1275 1825 1458 1883 opera
1505 1806 1881 1866 celebrarent
1929 1807 2184 1865 Naturae

378 1904 606 1972 laudeS,
638 1905 911 1981 profecto
949 1906 998 1964 is
1040 1925 1140 1963 me
1183 1905 1434 1963 habebit
1475 1924 1682 1964 secum
1721 1925 1906 1983 prope
1937 1923 2186 1963 consen-

379 2003 671 2072 tientem3
719 2004 832 2061 etsi
875 2024 1073 2072 nemo,
1107 2003 1269 2081 quod
1314 2004 1516 2072 sciam,
1548 2024 1626 2061 ne
1663 2005 1908 2061 nomine
1939 2002 2184 2079 quidem

379 2113 558 2159 tenus
604 2102 879 2179 supersit,
913 2103 1015 2178 qui
1052 2103 1115 2159 in
1156 2122 1228 2160 eo
1267 2122 1490 2179 genere
1523 2102 1802 2180 viguerit.
1896 2100 2017 2160 Sed
2063 2121 2185 2159 non

378 2200 644 2257 multum
699 2200 982 2276 equidem
1035 2220 1108 2258 eo
1162 2200 1444 2278 scrupulo
1506 2220 1913 2258 commoveor.
2019 2198 2186 2257 Nam

380 2319 511 2375 quae
559 2319 653 2357 res
705 2300 1023 2368 scribendi,
1070 2299 1284 2358 eadem
1332 2299 1573 2378 legendi
1621 2317 1861 2375 quoque
1910 2296 2186 2357 stimulos

380 2399 477 2456 vel
526 2399 772 2458 sustulit
814 2399 911 2458 vel
963 2400 1186 2457 minuit
1240 2407 1423 2457 certe.
1516 2399 1740 2458 Parum
1793 2400 1856 2456 in
1907 2398 2187 2457 manibus

380 2498 571 2555 futuri
613 2507 785 2557 erant
820 2499 1044 2569 Poetae,
1076 2499 1180 2575 qui
1212 2518 1312 2558 eas
1341 2499 1524 2557 modo
1557 2497 2054 2557 commendarent
2085 2498 2187 2555 de-

381 2597 567 2667 liciaS,
587 2598 807 2674 quibus
833 2596 930 2655 vel
954 2598 1183 2675 absque
1206 2617 1416 2656 eorum
1441 2617 1555 2675 ope
1580 2597 1724 2656 satis
1748 2615 2045 2674 superque
2069 2596 2186 2653 frui

379 2703 626 2773 possent
671 2696 965 2756 homines.
1057 2697 1276 2774 Itaque
1320 2695 1529 2766 nolite,
1561 2716 1779 2773 quaeso,
1823 2696 2048 2764 mirari,
2089 2692 2187 2752 vel

380 2815 632 2874 magnos
686 2803 749 2855 et
801 2796 1175 2855 excellentes
1227 2797 1384 2854 viros
1437 2796 1556 2854 alio
1610 2814 1912 2871 quemque
1964 2811 2186 2871 genere

382 2895 698 2965 laborasse,
729 2895 827 2954 vel
858 2896 1012 2973 siqui
1043 2896 1292 2955 minoris
1329 2902 1489 2954 notae
1526 2895 1683 2953 hanc
1715 2894 1828 2952 sibi
1862 2893 2188 2951 sumserint

381 2995 771 3071 provinciam,
819 3015 1030 3053 eorum
1075 3014 1216 3053 cum
1261 2994 1498 3071 scriptis
1544 2992 1902 3051 memoriam
1947 3009 2186 3067 quoque

381 3092 574 3170 ipsam
605 3094 869 3170 periisse.

470 3189 650 3259 Quod
680 3191 844 3248 idem
876 3192 952 3249 de
983 3190 1319 3249 Aristotele
1361 3189 1480 3247 dici
1525 3193 1743 3266 potest,
1776 3205 1905 3244 rem
1943 3203 2187 3243 omnem

383 3288 472 3346 ita
529 3296 852 3359 tractante,
915 3290 1083 3366 quasi
1142 3309 1322 3347 nemo
1382 3305 1623 3365 prorsus
1672 3286 1812 3363 jure
1871 3289 2189 3342 censeatur

385 3385 595 3455 Poeta,
633 3387 748 3445 nisi
793 3388 897 3464 qui
942 3407 1036 3446 res
1079 3394 1280 3467 gestas
1327 3386 1665 3455 hominum,
1711 3384 2025 3459 variosque
2070 3381 2188 3438 for-

384 3494 547 3544 tunae
584 3485 771 3558 lusus,
809 3506 915 3545 seu
952 3488 1177 3546 narrari
1219 3493 1391 3545 curet
1436 3484 1561 3543 sive
1605 3484 1669 3540 in
1715 3500 1957 3541 scenam
2001 3479 2183 3537 mitti.

388 3583 533 3642 Non
571 3586 732 3643 enim
773 3586 959 3663 ipsius
992 3585 1346 3662 Philosophi
1393 3582 1658 3642 indolem
1700 3579 2058 3639 crediderim
2096 3596 2188 3635 so-
