2288 4036
141 285 294 318 PRAEL.
319 282 506 315 xxxm.
557 261 697 326 Qwid
716 262 801 323 sit,
826 259 1147 311 communiter
1159 258 1384 328 propria
1409 258 1583 309 dicere.
1776 256 1884 311 667

140 409 265 476 buS,
295 407 474 480 siquis
517 405 911 463 communiter
955 402 1171 458 dixerit
1215 401 1462 476 propria.
1551 399 1706 466 Jam,
1747 399 1888 473 quid

142 503 251 562 sibi
289 501 433 558 velit
476 501 608 568 hoc,
644 498 1038 557 communiter
1081 498 1312 574 propria
1355 498 1564 563 dicere,
1603 495 1890 569 exemplis

144 601 403 656 doceam.
492 596 812 672 Fingamus
852 595 989 669 poni
1030 595 1104 662 ab
1139 582 1335 669 aliquo
1367 592 1602 649 Pictore
1631 592 1890 667 Anglico

144 695 391 759 arboreS,
425 693 590 757 feraS,
622 692 852 766 oppida,
885 691 1061 747 facies
1090 689 1396 746 hominum
1427 696 1606 763 atque
1635 688 1890 755 habitus,

145 788 344 865 quales
373 789 496 863 ipse
526 793 849 863 auguratur
878 787 1001 842 fore
1031 787 1153 841 sive
1189 786 1249 841 in
1285 785 1487 842 Africa
1529 803 1632 841 seu
1676 785 1737 840 in
1778 784 1893 840 alia

145 884 346 958 quavis
389 883 644 958 regione.
730 881 819 938 At
855 881 966 937 toti
1010 887 1211 937 tamen
1255 880 1443 936 aderit
1485 880 1644 954 operi
1692 898 1890 954 super-

143 979 305 1035 fusus
335 978 572 1053 quidam
608 977 769 1034 color
798 979 922 1051 ejus
954 976 1227 1045 Naturae,
1258 995 1392 1050 quae
1433 978 1697 1032 omnium
1742 977 1893 1051 pari-

143 1083 235 1132 ter
262 1076 567 1151 regionum
600 1082 691 1131 est
721 1081 783 1130 et
812 1074 1093 1131 locorum.
1160 1072 1374 1129 Aderit
1405 1073 1675 1129 caelorum
1712 1073 1892 1130 Solis-

143 1191 257 1247 que
303 1171 520 1237 lumen,
566 1172 743 1228 maris
793 1190 1005 1245 aequor,
1056 1169 1162 1227 flos
1213 1169 1542 1235 herbarum,
1595 1170 1891 1226 radiorum

142 1267 479 1342 umbraeque
521 1267 731 1324 alterni
783 1267 961 1324 lusus.
1051 1266 1147 1323 Ita
1189 1266 1309 1332 fiet,
1356 1273 1423 1322 ut
1468 1285 1501 1321 e
1545 1266 1788 1342 singulis
1831 1268 1893 1323 in

141 1364 411 1420 universa
454 1370 728 1420 excurrat
771 1364 1017 1429 animuS,
1053 1382 1203 1419 neve
1241 1364 1301 1418 in
1343 1362 1553 1438 frigido
1594 1380 1895 1419 moremur

142 1465 203 1515 et
235 1459 442 1534 jejuno
473 1459 631 1515 orbe.
720 1458 1017 1515 Credibile
1057 1464 1165 1523 est,
1196 1458 1444 1513 eandem
1483 1456 1608 1512 fore
1638 1456 1893 1515 Poeseos

141 1556 321 1612 etiam
356 1556 678 1613 rationem:
723 1573 938 1631 nempe
982 1555 1066 1610 ita
1110 1553 1332 1611 laudari
1364 1572 1533 1629 posse
1562 1573 1630 1611 ac
1662 1553 1892 1629 placere

141 1670 211 1708 ea
239 1652 510 1718 carmina,
543 1670 672 1726 quae
706 1653 765 1707 in
803 1670 937 1708 rure
980 1670 1047 1707 ac
1089 1659 1299 1708 natura
1342 1658 1664 1716 versantur,
1695 1651 1738 1708 si
1772 1669 1891 1706 non

140 1747 375 1823 penitus
405 1747 557 1804 desit
587 1765 787 1804 earum
831 1766 1027 1803 rerum
1063 1747 1309 1804 obscura
1337 1747 1604 1822 quamvis
1647 1747 1891 1815 menti0,

140 1861 269 1916 quae
312 1842 472 1898 omni
509 1860 645 1898 cum
683 1843 802 1899 sint
838 1849 1124 1899 terrarum
1163 1842 1304 1899 orbe
1349 1842 1594 1908 diffusae,
1626 1842 1891 1897 omnium

140 1937 359 2013 pariter
385 1956 759 1995 commovere
788 1938 979 1995 solent
1008 1939 1268 1996 animos:
1307 1938 1583 2014 profundi
1615 1936 1893 1994 videlicet

141 2033 234 2092 vel
278 2034 509 2092 aetheris
546 2033 639 2090 vel
670 2033 911 2102 Oceani,
952 2036 1288 2092 sonantium
1332 2035 1644 2111 sylvarum,
1685 2033 1893 2109 liquidi

139 2149 422 2205 aquarum
453 2129 665 2206 lapsus·
754 2131 1037 2207 Exempli
1078 2131 1207 2188 loco
1238 2131 1601 2189 nobilissima
1629 2132 1706 2188 sit
1736 2131 1893 2206 apud

138 2223 331 2298 ipsum
361 2222 684 2300 Virgilium
728 2226 973 2299 pictura,
1006 2225 1213 2282 harum
1245 2226 1508 2282 omnium
1553 2244 1746 2282 rerum
1781 2224 1895 2281 Co-

140 2319 448 2395 ryphaeum
466 2316 511 2375 b.
956 2310 966 2316 ⁸

371 2441 454 2486 Est
473 2443 605 2487 etiam
625 2443 696 2486 ille
717 2444 862 2487 malus
886 2443 1085 2487 Calabris
1106 2445 1153 2488 in
1177 2444 1363 2488 saltibus
1385 2444 1560 2502 anguis,

374 2511 595 2571 Squamea
614 2514 881 2558 convolvens
903 2514 1078 2558 sublato
1099 2522 1275 2572 pectore
1294 2522 1419 2573 terga

371 2584 521 2643 Atque
542 2586 659 2629 notis
679 2586 861 2642 longam
880 2587 1135 2630 maculosus
1155 2586 1402 2644 grandibus
1423 2588 1573 2631 alvum
1591 2604 1602 2631 z

374 2655 480 2709 Qui,
504 2656 613 2701 dum
634 2672 787 2701 amnes
808 2658 888 2701 ulli
908 2666 1181 2715 rumpuntur
1202 2659 1417 2712 fontibus,
1439 2666 1483 2703 et
1504 2659 1613 2704 dum

372 2727 487 2772 Vere
506 2727 688 2772 madent
707 2728 800 2773 udo
820 2736 947 2774 terrae
968 2745 1018 2773 ac
1038 2730 1308 2787 pluvialibus
1329 2731 1524 2784 AustriS,

373 2799 543 2858 Stagna
562 2801 680 2853 colit,
703 2801 899 2860 ripisque
920 2802 1140 2855 habitans,
1162 2802 1235 2846 hic
1255 2803 1454 2861 piscibus
1475 2811 1617 2849 atram

374 2872 613 2931 Improbus
634 2874 879 2932 ingluviem
899 2876 1106 2934 ranisque
1126 2877 1388 2936 loquacibus
1409 2878 1569 2935 explet.

373 2945 616 3005 Postquam
637 2954 792 2994 exusta
811 2948 954 3004 palus,
972 2954 1188 3007 terraeque
1208 2948 1364 2993 ardore
1385 2949 1634 3001 dehiscunt,

373 3017 509 3066 Exilit
528 3018 576 3062 in
597 3019 780 3071 siccum,
802 3026 845 3063 et
865 3019 1136 3064 flammantia
1154 3021 1324 3065 lumina
1343 3029 1555 3081 torquens

375 3087 510 3134 Saevit
530 3090 663 3148 agris,
686 3105 901 3149 asperque
922 3091 994 3135 siti
1015 3098 1146 3149 atque
1167 3093 1400 3138 exterritus
1420 3101 1550 3138 aestu.

140 3202 344 3260 Oculis
372 3205 637 3280 profecto
664 3206 863 3264 videre
886 3207 1155 3264 videmur
1181 3207 1558 3267 illabentem:
1596 3218 1664 3267 ut
1686 3231 1891 3268 verum

138 3306 339 3357 tamen
385 3301 590 3370 fatear,
636 3303 901 3360 desidero
955 3303 1147 3360 adhuc
1200 3304 1439 3380 aliquid,
1488 3308 1643 3382 quod
1691 3308 1892 3365 Poetae

819 3506 836 3532 b
862 3509 1012 3564 Geory.
1039 3523 1081 3566 3.
1106 3523 1207 3567 425.
