2288 4036
267 195 375 250 748
507 196 555 247 A
559 194 807 265 ⁸oresztz‘mn
833 202 878 246 ot
901 194 1328 265 Philosophorum
1355 213 1632 249 consensus,
1687 215 2071 249 PRAEL.XXXV11.

358 343 545 401 Porro
578 343 802 420 duplex
837 350 986 413 erat,
1019 345 1247 421 opinor,
1281 364 1475 411 causa,
1509 365 1616 402 cur
1646 364 1708 403 se
1735 345 2075 424 Virgiliana

270 440 477 498 Poesis
522 441 637 498 isto
669 440 868 497 colore
901 447 1026 498 tam
1075 442 1316 518 penit-us
1358 442 1663 500 imbuerit.
1756 442 1921 500 Nam
1959 442 2076 501 alia

270 560 411 598 eum
473 539 695 597 dixisse
747 539 1125 608 crediderim,
1181 541 1344 598 dicto
1405 541 1755 599 audientem
1816 541 2074 601 excelsae

271 639 510 698 cuidam
557 637 992 716 philosophiae:
1043 639 1161 698 alia
1205 646 1452 717 propter
1496 640 1831 717 simplicem
1879 648 1943 698 et
1987 641 2080 698 in-

269 747 479 797 natum
544 738 821 817 agricolis
881 758 1168 797 amorem.
1258 738 1471 816 Atque
1525 740 1600 798 de
1659 739 1778 797 illis
1830 741 2074 816 quidem

269 835 567 915 prioribus
605 837 768 906 aliaS,
801 837 850 896 si
882 845 1112 914 potem,
1146 838 1361 896 dicam.
1453 837 1640 896 Nunc
1686 858 1879 916 pauca
1906 839 2075 897 brevi

270 937 737 1005 consideremUS,
793 956 926 1013 quae
980 937 1307 1015 agrestium
1362 937 1555 1016 magis
1606 938 1847 1015 sapiunt
1899 937 2077 996 affec-

270 1045 423 1095 tum.

357 1136 720 1214 Quanquam
755 1134 850 1210 (ut
893 1136 955 1194 id
987 1137 1148 1213 quod
1193 1156 1287 1194 res
1324 1144 1417 1195 est
1448 1136 1670 1214 dicam)
1701 1143 1918 1194 mutuo
1948 1137 2078 1194 vin-

270 1236 424 1305 culO,
472 1244 536 1294 et
595 1236 929 1295 arctissimo
983 1235 1247 1312 quidem,
1297 1242 1743 1294 connectuntur
1794 1236 1954 1294 inter
2012 1255 2076 1294 se

266 1333 397 1395 haec
430 1337 549 1394 duo
586 1356 828 1414 genera,
860 1334 1120 1413 simplex
1152 1335 1437 1394 videlicet
1481 1337 1785 1393 rusticitas
1825 1342 1888 1392 et
1934 1354 2077 1395 sana

269 1435 683 1514 philosophia3
733 1443 803 1494 ut
835 1436 937 1493 vix
970 1436 1047 1494 sit
1078 1437 1270 1513 major
1301 1436 1596 1513 opinionis
1641 1435 1894 1512 alicujus
1935 1454 2077 1493 con-

268 1535 549 1604 firmatio,
589 1555 771 1612 quam
818 1536 864 1593 si
905 1536 1060 1594 votis
1103 1535 1524 1611 ominibusque
1567 1534 1822 1593 eandem
1862 1533 2078 1591 melior

269 1633 667 1712 agricolarum
731 1654 867 1712 pars
928 1634 1308 1692 divinaverit.
1410 1633 1812 1712 Pythagorica
1869 1633 2076 1710 itaque

271 1741 634 1803 commenta,
667 1753 773 1792 seu
805 1735 995 1793 mavis
1027 1733 1359 1803 Platonica,
1390 1735 1608 1811 quibus
1653 1734 1850 1791 utitur
1893 1734 2078 1791 inter-

272 1835 419 1892 dum
452 1833 748 1913 Virgilius
796 1834 871 1892 de
918 1841 1055 1892 ortu
1104 1841 1166 1892 et
1219 1834 1467 1892 interitu
1518 1832 1886 1900 animalium,
1936 1851 2076 1890 cum

264 1934 343 1993 iis
381 1954 518 2011 quae
567 1934 750 1992 modo
798 1954 931 1992 sum
981 1935 1252 1991 dicturus
1297 1953 1415 1990 nou
1465 1933 1711 1991 dubiam
1763 1932 2077 1991 habebunt

273 2034 752 2092 consensionem.
849 2033 1083 2093 Verum
1145 2033 1220 2091 de
1282 2053 1353 2091 ea
1417 2053 1481 2091 re
1542 2033 1793 2110 posthac
1854 2032 2075 2090 videm.

275 2132 462 2192 Nunc
521 2134 923 2211 perpendatiS,
977 2153 1054 2191 an
1117 2134 1260 2191 satis
1312 2133 1469 2191 bene
1522 2133 1885 2191 conveniant
1937 2151 2076 2190 cum

273 2233 672 2312 agricolarum
717 2233 1036 2293 affectibus
1082 2234 1393 2291 tenerrimi
1443 2252 1649 2291 versus
1695 2233 1771 2290 de
1817 2230 2077 2309 capella-

273 2353 405 2390 rum
448 2332 741 2410 Pastione.
838 2332 1043 2411 Fingit
1076 2332 1361 2392 videlicet
1398 2334 1704 2410 disputare
1746 2352 1972 2400 secum,
2006 2337 2076 2389 ut

272 2434 362 2503 fit,
394 2434 697 2511 quendam
752 2432 957 2510 paullo
1005 2433 1366 2509 iniquiorem
1414 2433 1476 2490 in
1522 2431 1673 2490 illud
1717 2450 1909 2510 genus
1929 2440 1970 2499 ⁰,
2014 2450 2077 2490 se

274 2541 480 2592 autem
514 2533 606 2592 his
637 2533 1018 2611 respondere.

519 2652 608 2698 Hae
631 2668 812 2713 quoque
833 2668 928 2698 non
951 2668 1060 2697 cura
1081 2652 1214 2697 nobis
1235 2653 1401 2700 leviore
1423 2652 1623 2705 tuendae,

515 2728 563 2773 N
565 2743 615 2773 ec
636 2729 786 2773 minor
807 2743 921 2773 usus
943 2728 1052 2772 erit:
1088 2727 1296 2787 quamvis
1321 2727 1501 2772 Milesia
1520 2742 1690 2786 magno

515 2802 694 2848 Vellera
714 2809 965 2855 mutentur,
987 2801 1150 2862 Tyrios
1172 2801 1350 2846 incocta
1370 2801 1560 2846 rubores
1582 2817 1592 2846 z

518 2877 718 2922 Densior
738 2877 846 2922 hinc
873 2877 1068 2930 soboles,
1093 2876 1198 2921 hinc
1218 2876 1334 2935 largi
1356 2876 1485 2934 copia
1503 2875 1649 2920 lactis.
1670 2911 1678 2920 .
1701 2910 1709 2920 .
1730 2911 1739 2920 .

516 2952 615 2997 Nec
637 2952 791 2997 minus
813 2952 984 2996 interea
1004 2951 1169 2996 barbas
1191 2951 1443 3011 incanaque
1464 2957 1618 2995 menta

517 3027 732 3086 Cinyphii
753 3026 945 3072 tondent
966 3026 1095 3079 hirci,
1120 3034 1328 3086 setasque
1350 3033 1598 3078 comantes,

516 3101 670 3146 Usum
691 3102 739 3146 in
762 3107 1016 3146 castrorum
1038 3108 1082 3145 et
1102 3101 1280 3146 miseris
1303 3100 1526 3146 velamina
1546 3101 1713 3146 nautis.

515 3175 774 3220 Pascuntur
795 3190 902 3220 vero
925 3176 1090 3234 sylvas,
1112 3182 1157 3220 et
1179 3190 1361 3220 summa
1382 3175 1546 3234 Lycaei,

518 3249 860 3310 Horrentesque
881 3250 1039 3303 rubos,
1063 3257 1107 3294 et
1128 3257 1333 3294 amantes
1355 3249 1498 3294 ardua
1520 3249 1701 3293 dumos.

513 3323 667 3383 Atque
689 3324 800 3382 ipsae
822 3339 1046 3368 memores
1068 3323 1261 3368 redeunt
1282 3324 1330 3368 in
1350 3331 1484 3378 tecta,
1509 3338 1707 3383 suosque

516 3398 723 3450 Ducunt,
747 3405 791 3442 et
812 3397 1002 3457 gravido
1025 3405 1243 3456 superant
1264 3398 1339 3443 vix
1360 3398 1501 3443 ubere
1520 3398 1675 3443 limen.

359 3496 650 3555 Praeclare
699 3517 841 3556 sane
890 3497 1211 3556 admiscuit
1263 3497 1635 3574 argumentis
1703 3497 1777 3554 de
1828 3494 1963 3553 utili
2014 3501 2076 3552 et

972 3650 989 3668 ⁰
1017 3644 1176 3700 Geory.
1202 3657 1244 3701 3.
1270 3654 1373 3700 305.
