<?xml version="1.0" encoding="UTF-8"?>
<!DOCTYPE html PUBLIC "-//W3C//DTD XHTML 1.0 Transitional//EN"
    "http://www.w3.org/TR/xhtml1/DTD/xhtml1-transitional.dtd">
<html xmlns="http://www.w3.org/1999/xhtml" xml:lang="en" lang="en">
 <head>
  <title>
</title>
<meta http-equiv="Content-Type" content="text/html;charset=utf-8" />
  <meta name='ocr-system' content='tesseract 3.04.00' />
  <meta name='ocr-capabilities' content='ocr_page ocr_carea ocr_par ocr_line ocrx_word'/>
</head>
<body>
  <div class='ocr_page' id='page_1' title='image "./a588873902kebluoft_0300.png"; bbox 0 0 2288 4036; ppageno 0'>
   <div class='ocr_carea' id='block_1_1' title="bbox 276 184 2067 256">
    <p class='ocr_par' dir='ltr' id='par_1_1' title="bbox 276 184 2067 256">
     <span class='ocr_line' id='line_1_1' title="bbox 276 184 2067 256; baseline -0.001 -17"><span class='ocrx_word' id='word_1_1' title='bbox 276 184 387 242; x_wconf 75' lang='lat'>678</span> <span class='ocrx_word' id='word_1_2' title='bbox 476 187 706 240; x_wconf 71' lang='lat' dir='ltr'>Dantem</span> <span class='ocrx_word' id='word_1_3' title='bbox 730 185 959 256; x_wconf 68' lang='lat' dir='ltr'>simplici</span> <span class='ocrx_word' id='word_1_4' title='bbox 982 185 1315 239; x_wconf 73' lang='lat' dir='ltr'>instrumento</span> <span class='ocrx_word' id='word_1_5' title='bbox 1340 202 1435 238; x_wconf 76' lang='lat' dir='ltr'>esse</span> <span class='ocrx_word' id='word_1_6' title='bbox 1460 202 1606 238; x_wconf 76' lang='lat' dir='ltr'>uswm</span> <span class='ocrx_word' id='word_1_7' title='bbox 1623 205 1639 237; x_wconf 82' lang='lat'>.-</span> <span class='ocrx_word' id='word_1_8' title='bbox 1682 203 1843 238; x_wconf 69' lang='lat' dir='ltr'>PRAEL,</span> <span class='ocrx_word' id='word_1_9' title='bbox 1873 203 2067 239; x_wconf 82' lang='lat' dir='ltr'>xxxm.</span> 
     </span>
    </p>
   </div>
   <div class='ocr_carea' id='block_1_2' title="bbox 253 332 2107 3373">
    <p class='ocr_par' dir='ltr' id='par_1_2' title="bbox 253 332 2107 3373">
     <span class='ocr_line' id='line_1_2' title="bbox 276 332 2074 409; baseline 0.001 -20"><span class='ocrx_word' id='word_1_10' title='bbox 276 332 464 402; x_wconf 88' lang='lat' dir='ltr'>finita,</span> <span class='ocrx_word' id='word_1_11' title='bbox 496 332 769 403; x_wconf 89' lang='lat' dir='ltr'>obscura,</span> <span class='ocrx_word' id='word_1_12' title='bbox 801 332 984 390; x_wconf 86' lang='lat' dir='ltr'>verbo</span> <span class='ocrx_word' id='word_1_13' title='bbox 1016 332 1231 401; x_wconf 90' lang='lat' dir='ltr'>dicam,</span> <span class='ocrx_word' id='word_1_14' title='bbox 1263 352 1336 390; x_wconf 88' lang='lat' dir='ltr'>ea</span> <span class='ocrx_word' id='word_1_15' title='bbox 1364 352 1496 409; x_wconf 87' lang='lat' dir='ltr'>quae</span> <span class='ocrx_word' id='word_1_16' title='bbox 1534 332 1820 391; x_wconf 89' lang='lat' dir='ltr'>dicuntur</span> <span class='ocrx_word' id='word_1_17' title='bbox 1861 358 2074 401; x_wconf 80' lang='grc' dir='ltr'>μυστη-</span> 
     </span>
     <span class='ocr_line' id='line_1_3' title="bbox 272 429 2029 509; baseline 0 -22"><span class='ocrx_word' id='word_1_18' title='bbox 272 429 387 509; x_wconf 86' lang='grc' dir='ltr'><strong><em>ρία,</em></strong></span> <span class='ocrx_word' id='word_1_19' title='bbox 420 438 526 488; x_wconf 90' lang='lat' dir='ltr'>aut</span> <span class='ocrx_word' id='word_1_20' title='bbox 556 430 766 507; x_wconf 75' lang='lat' dir='ltr'><strong>arripit</strong></span> <span class='ocrx_word' id='word_1_21' title='bbox 796 431 1188 501; x_wconf 79' lang='lat' dir='ltr'>occurrentia,</span> <span class='ocrx_word' id='word_1_22' title='bbox 1221 436 1328 489; x_wconf 91' lang='lat' dir='ltr'>aut</span> <span class='ocrx_word' id='word_1_23' title='bbox 1359 430 1568 508; x_wconf 92' lang='lat' dir='ltr'>procul</span> <span class='ocrx_word' id='word_1_24' title='bbox 1604 431 1731 489; x_wconf 91' lang='lat' dir='ltr'>visa</span> <span class='ocrx_word' id='word_1_25' title='bbox 1759 438 2029 489; x_wconf 79' lang='lat' dir='ltr'>venatur.</span> 
     </span>
     <span class='ocr_line' id='line_1_4' title="bbox 359 527 2071 605; baseline 0 -19"><span class='ocrx_word' id='word_1_26' title='bbox 359 528 501 586; x_wconf 90' lang='lat' dir='ltr'>Jam</span> <span class='ocrx_word' id='word_1_27' title='bbox 531 548 610 586; x_wconf 93' lang='lat' dir='ltr'>ne</span> <span class='ocrx_word' id='word_1_28' title='bbox 642 528 804 587; x_wconf 90' lang='lat' dir='ltr'>dicat</span> <span class='ocrx_word' id='word_1_29' title='bbox 844 527 1060 605; x_wconf 90' lang='lat' dir='ltr'>aliquis</span> <span class='ocrx_word' id='word_1_30' title='bbox 1095 529 1279 588; x_wconf 88' lang='lat' dir='ltr'>fuisse</span> <span class='ocrx_word' id='word_1_31' title='bbox 1321 530 1384 589; x_wconf 90' lang='lat' dir='ltr'>id</span> <span class='ocrx_word' id='word_1_32' title='bbox 1417 528 1703 587; x_wconf 88' lang='lat' dir='ltr'>Lucretio</span> <span class='ocrx_word' id='word_1_33' title='bbox 1747 530 2071 605; x_wconf 90' lang='lat' dir='ltr'>proprium,</span> 
     </span>
     <span class='ocr_line' id='line_1_5' title="bbox 273 625 2072 705; baseline 0.001 -22"><span class='ocrx_word' id='word_1_34' title='bbox 273 645 414 684; x_wconf 92' lang='lat' dir='ltr'>cum</span> <span class='ocrx_word' id='word_1_35' title='bbox 451 646 707 705; x_wconf 85' lang='lat' dir='ltr'>magnus</span> <span class='ocrx_word' id='word_1_36' title='bbox 737 633 896 686; x_wconf 89' lang='lat' dir='ltr'>esset</span> <span class='ocrx_word' id='word_1_37' title='bbox 935 629 998 685; x_wconf 91' lang='lat' dir='ltr'>in</span> <span class='ocrx_word' id='word_1_38' title='bbox 1039 627 1298 705; x_wconf 80' lang='lat' dir='ltr'>simplici</span> <span class='ocrx_word' id='word_1_39' title='bbox 1340 626 1446 686; x_wconf 94' lang='lat' dir='ltr'>illo</span> <span class='ocrx_word' id='word_1_40' title='bbox 1486 645 1724 705; x_wconf 87' lang='lat' dir='ltr'>genere,</span> <span class='ocrx_word' id='word_1_41' title='bbox 1756 633 1827 684; x_wconf 90' lang='lat' dir='ltr'>ut</span> <span class='ocrx_word' id='word_1_42' title='bbox 1857 625 2072 685; x_wconf 89' lang='lat' dir='ltr'>lubens</span> 
     </span>
     <span class='ocr_line' id='line_1_6' title="bbox 270 725 2071 804; baseline 0.001 -22"><span class='ocrx_word' id='word_1_43' title='bbox 270 731 478 783; x_wconf 88' lang='lat' dir='ltr'>tamen</span> <span class='ocrx_word' id='word_1_44' title='bbox 537 725 790 784; x_wconf 89' lang='lat' dir='ltr'>saltibus</span> <span class='ocrx_word' id='word_1_45' title='bbox 849 733 913 784; x_wconf 94' lang='lat' dir='ltr'>et</span> <span class='ocrx_word' id='word_1_46' title='bbox 972 726 1274 804; x_wconf 81' lang='lat' dir='ltr'>sylvarum</span> <span class='ocrx_word' id='word_1_47' title='bbox 1342 725 1665 784; x_wconf 87' lang='lat' dir='ltr'>involucris</span> <span class='ocrx_word' id='word_1_48' title='bbox 1731 725 2071 795; x_wconf 89' lang='lat' dir='ltr'>frueretur;</span> 
     </span>
     <span class='ocr_line' id='line_1_7' title="bbox 270 822 2073 902; baseline 0.001 -21"><span class='ocrx_word' id='word_1_49' title='bbox 270 823 416 899; x_wconf 93' lang='lat' dir='ltr'>quid</span> <span class='ocrx_word' id='word_1_50' title='bbox 446 824 495 882; x_wconf 90' lang='lat' dir='ltr'>si</span> <span class='ocrx_word' id='word_1_51' title='bbox 527 823 774 895; x_wconf 91' lang='lat' dir='ltr'>docebo,</span> <span class='ocrx_word' id='word_1_52' title='bbox 806 824 930 883; x_wconf 91' lang='lat' dir='ltr'>tale</span> <span class='ocrx_word' id='word_1_53' title='bbox 960 823 1190 902; x_wconf 91' lang='lat' dir='ltr'>aliquid</span> <span class='ocrx_word' id='word_1_54' title='bbox 1220 825 1491 884; x_wconf 90' lang='lat' dir='ltr'>evenisse</span> <span class='ocrx_word' id='word_1_55' title='bbox 1521 824 1681 901; x_wconf 92' lang='lat' dir='ltr'>apud</span> <span class='ocrx_word' id='word_1_56' title='bbox 1712 822 1898 882; x_wconf 91' lang='lat' dir='ltr'>alium</span> <span class='ocrx_word' id='word_1_57' title='bbox 1926 844 2073 901; x_wconf 92' lang='grc'><strong>(1110-</strong></span> 
     </span>
     <span class='ocr_line' id='line_1_8' title="bbox 270 923 2073 1002; baseline 0 -22"><span class='ocrx_word' id='word_1_58' title='bbox 270 942 390 999; x_wconf 92' lang='lat' dir='ltr'>que</span> <span class='ocrx_word' id='word_1_59' title='bbox 422 923 698 994; x_wconf 90' lang='lat' dir='ltr'>Poetam‚</span> <span class='ocrx_word' id='word_1_60' title='bbox 731 925 834 1001; x_wconf 92' lang='lat' dir='ltr'>qui</span> <span class='ocrx_word' id='word_1_61' title='bbox 875 925 1152 1002; x_wconf 86' lang='lat' dir='ltr'>proxime</span> <span class='ocrx_word' id='word_1_62' title='bbox 1197 925 1469 983; x_wconf 91' lang='lat' dir='ltr'>omnium</span> <span class='ocrx_word' id='word_1_63' title='bbox 1513 930 1762 1002; x_wconf 86' lang='lat' dir='ltr'>tangere</span> <span class='ocrx_word' id='word_1_64' title='bbox 1796 923 2073 982; x_wconf 89' lang='lat' dir='ltr'>videatur</span> 
     </span>
     <span class='ocr_line' id='line_1_9' title="bbox 270 1020 2071 1100; baseline 0 -20"><span class='ocrx_word' id='word_1_65' title='bbox 270 1020 647 1093; x_wconf 89' lang='lat' dir='ltr'>Lucretium,</span> <span class='ocrx_word' id='word_1_66' title='bbox 693 1024 855 1100; x_wconf 93' lang='lat' dir='ltr'>quod</span> <span class='ocrx_word' id='word_1_67' title='bbox 907 1024 984 1082; x_wconf 92' lang='lat' dir='ltr'>ad</span> <span class='ocrx_word' id='word_1_68' title='bbox 1033 1042 1105 1082; x_wconf 89' lang='lat' dir='ltr'>ea</span> <span class='ocrx_word' id='word_1_69' title='bbox 1148 1024 1391 1093; x_wconf 88' lang='lat' dir='ltr'>attinet,</span> <span class='ocrx_word' id='word_1_70' title='bbox 1436 1041 1575 1100; x_wconf 89' lang='lat' dir='ltr'>quae</span> <span class='ocrx_word' id='word_1_71' title='bbox 1623 1021 1877 1080; x_wconf 90' lang='lat' dir='ltr'>obscura</span> <span class='ocrx_word' id='word_1_72' title='bbox 1927 1028 2071 1081; x_wconf 90' lang='lat' dir='ltr'>sunt</span> 
     </span>
     <span class='ocr_line' id='line_1_10' title="bbox 253 1111 2107 1202; baseline 0 -24"><span class='ocrx_word' id='word_1_73' title='bbox 253 1111 332 1178; x_wconf 40' lang='lat' dir='ltr'>&#39;et</span> <span class='ocrx_word' id='word_1_74' title='bbox 361 1121 640 1182; x_wconf 70' lang='lat' dir='ltr'>infinita?</span> <span class='ocrx_word' id='word_1_75' title='bbox 701 1122 992 1202; x_wconf 86' lang='lat' dir='ltr'>Intelligo</span> <span class='ocrx_word' id='word_1_76' title='bbox 1017 1121 1440 1182; x_wconf 76' lang='lat' dir='ltr'>Florentinum</span> <span class='ocrx_word' id='word_1_77' title='bbox 1465 1121 1668 1189; x_wconf 91' lang='lat' dir='ltr'>Illum,</span> <span class='ocrx_word' id='word_1_78' title='bbox 1694 1120 1915 1198; x_wconf 91' lang='lat' dir='ltr'>triplici</span> <span class='ocrx_word' id='word_1_79' title='bbox 1946 1140 2073 1179; x_wconf 89' lang='lat' dir='ltr'>car·</span> <span class='ocrx_word' id='word_1_80' title='bbox 2105 1186 2107 1188; x_wconf 40' lang='grc'>,</span> 
     </span>
     <span class='ocr_line' id='line_1_11' title="bbox 265 1219 2072 1298; baseline 0.001 -21"><span class='ocrx_word' id='word_1_81' title='bbox 265 1220 432 1278; x_wconf 89' lang='lat' dir='ltr'>mine</span> <span class='ocrx_word' id='word_1_82' title='bbox 466 1220 751 1290; x_wconf 90' lang='lat' dir='ltr'>nobilem,</span> <span class='ocrx_word' id='word_1_83' title='bbox 786 1221 860 1280; x_wconf 91' lang='lat' dir='ltr'>de</span> <span class='ocrx_word' id='word_1_84' title='bbox 898 1219 1122 1298; x_wconf 91' lang='lat' dir='ltr'>triplici</span> <span class='ocrx_word' id='word_1_85' title='bbox 1166 1228 1546 1279; x_wconf 88' lang='lat' dir='ltr'>mortuorum</span> <span class='ocrx_word' id='word_1_86' title='bbox 1592 1228 1773 1279; x_wconf 79' lang='lat' dir='ltr'>statu,</span> <span class='ocrx_word' id='word_1_87' title='bbox 1864 1219 2072 1293; x_wconf 78' lang='lat' dir='ltr'>Quan-</span> 
     </span>
     <span class='ocr_line' id='line_1_12' title="bbox 266 1319 2072 1398; baseline 0.002 -23"><span class='ocrx_word' id='word_1_88' title='bbox 266 1326 332 1376; x_wconf 90' lang='lat' dir='ltr'>to</span> <span class='ocrx_word' id='word_1_89' title='bbox 379 1319 485 1377; x_wconf 92' lang='lat' dir='ltr'>ille</span> <span class='ocrx_word' id='word_1_90' title='bbox 529 1321 620 1378; x_wconf 91' lang='lat' dir='ltr'>vir</span> <span class='ocrx_word' id='word_1_91' title='bbox 671 1320 1173 1398; x_wconf 75' lang='lat' dir='ltr'>splendidissimae</span> <span class='ocrx_word' id='word_1_92' title='bbox 1227 1319 1490 1379; x_wconf 92' lang='lat' dir='ltr'>Poeseos</span> <span class='ocrx_word' id='word_1_93' title='bbox 1543 1326 1834 1397; x_wconf 88' lang='lat' dir='ltr'>apparatu</span> <span class='ocrx_word' id='word_1_94' title='bbox 1881 1320 2072 1378; x_wconf 89' lang='lat' dir='ltr'>varia-</span> 
     </span>
     <span class='ocr_line' id='line_1_13' title="bbox 266 1417 2071 1496; baseline 0.001 -23"><span class='ocrx_word' id='word_1_95' title='bbox 266 1417 423 1474; x_wconf 84' lang='lat' dir='ltr'>verit</span> <span class='ocrx_word' id='word_1_96' title='bbox 467 1418 942 1476; x_wconf 89' lang='lat' dir='ltr'>instrumentum</span> <span class='ocrx_word' id='word_1_97' title='bbox 986 1419 1129 1477; x_wconf 90' lang='lat' dir='ltr'>satis</span> <span class='ocrx_word' id='word_1_98' title='bbox 1176 1438 1286 1496; x_wconf 89' lang='lat' dir='ltr'>per</span> <span class='ocrx_word' id='word_1_99' title='bbox 1333 1437 1396 1476; x_wconf 88' lang='lat' dir='ltr'>se</span> <span class='ocrx_word' id='word_1_100' title='bbox 1446 1417 1622 1487; x_wconf 85' lang='lat' dir='ltr'>exile,</span> <span class='ocrx_word' id='word_1_101' title='bbox 1668 1418 1888 1494; x_wconf 89' lang='lat' dir='ltr'>partim</span> <span class='ocrx_word' id='word_1_102' title='bbox 1937 1437 2071 1475; x_wconf 93' lang='lat' dir='ltr'>mu-</span> 
     </span>
     <span class='ocr_line' id='line_1_14' title="bbox 265 1515 2070 1594; baseline 0.001 -21"><span class='ocrx_word' id='word_1_103' title='bbox 265 1516 526 1574; x_wconf 91' lang='lat' dir='ltr'>sicorum</span> <span class='ocrx_word' id='word_1_104' title='bbox 578 1518 915 1586; x_wconf 87' lang='lat' dir='ltr'>modorum,</span> <span class='ocrx_word' id='word_1_105' title='bbox 957 1518 1176 1594; x_wconf 86' lang='lat' dir='ltr'>partim</span> <span class='ocrx_word' id='word_1_106' title='bbox 1225 1519 1529 1576; x_wconf 90' lang='lat' dir='ltr'>radiorum</span> <span class='ocrx_word' id='word_1_107' title='bbox 1578 1535 1854 1594; x_wconf 87' lang='lat' dir='ltr'>supernae</span> <span class='ocrx_word' id='word_1_108' title='bbox 1901 1515 2070 1587; x_wconf 90' lang='lat' dir='ltr'>lucis,</span> 
     </span>
     <span class='ocr_line' id='line_1_15' title="bbox 264 1615 2072 1692; baseline 0.001 -20"><span class='ocrx_word' id='word_1_109' title='bbox 264 1616 488 1691; x_wconf 87' lang='lat' dir='ltr'>partim</span> <span class='ocrx_word' id='word_1_110' title='bbox 539 1617 742 1675; x_wconf 91' lang='lat' dir='ltr'>nescio</span> <span class='ocrx_word' id='word_1_111' title='bbox 796 1635 914 1692; x_wconf 96' lang='lat' dir='ltr'>quo</span> <span class='ocrx_word' id='word_1_112' title='bbox 967 1616 1113 1674; x_wconf 92' lang='lat' dir='ltr'>orbe</span> <span class='ocrx_word' id='word_1_113' title='bbox 1170 1617 1424 1674; x_wconf 90' lang='lat' dir='ltr'>mirifice</span> <span class='ocrx_word' id='word_1_114' title='bbox 1485 1615 1851 1684; x_wconf 85' lang='lat' dir='ltr'>saltantium,</span> <span class='ocrx_word' id='word_1_115' title='bbox 1899 1617 2072 1674; x_wconf 91' lang='lat' dir='ltr'>novit</span> 
     </span>
     <span class='ocr_line' id='line_1_16' title="bbox 263 1714 2070 1792; baseline 0.001 -21"><span class='ocrx_word' id='word_1_116' title='bbox 263 1714 695 1791; x_wconf 89' lang='lat' dir='ltr'>unusquisque,</span> <span class='ocrx_word' id='word_1_117' title='bbox 748 1715 852 1791; x_wconf 93' lang='lat' dir='ltr'>qui</span> <span class='ocrx_word' id='word_1_118' title='bbox 912 1715 1120 1792; x_wconf 91' lang='lat' dir='ltr'>primis</span> <span class='ocrx_word' id='word_1_119' title='bbox 1166 1716 1348 1773; x_wconf 92' lang='lat' dir='ltr'>modo</span> <span class='ocrx_word' id='word_1_120' title='bbox 1408 1715 1589 1773; x_wconf 89' lang='lat' dir='ltr'>labris</span> <span class='ocrx_word' id='word_1_121' title='bbox 1648 1715 1883 1773; x_wconf 89' lang='lat' dir='ltr'>fontem</span> <span class='ocrx_word' id='word_1_122' title='bbox 1942 1715 2070 1791; x_wconf 86' lang='lat' dir='ltr'>ejus</span> 
     </span>
     <span class='ocr_line' id='line_1_17' title="bbox 263 1812 2067 1891; baseline 0.001 -21"><span class='ocrx_word' id='word_1_123' title='bbox 263 1812 443 1889; x_wconf 89' lang='lat' dir='ltr'>plane</span> <span class='ocrx_word' id='word_1_124' title='bbox 468 1813 741 1872; x_wconf 91' lang='lat' dir='ltr'>divinum</span> <span class='ocrx_word' id='word_1_125' title='bbox 770 1813 1056 1872; x_wconf 90' lang='lat' dir='ltr'>hauserit.</span> <span class='ocrx_word' id='word_1_126' title='bbox 1131 1813 1345 1891; x_wconf 88' lang='lat' dir='ltr'>Atque</span> <span class='ocrx_word' id='word_1_127' title='bbox 1367 1822 1438 1873; x_wconf 90' lang='lat' dir='ltr'>ut</span> <span class='ocrx_word' id='word_1_128' title='bbox 1458 1834 1534 1872; x_wconf 91' lang='lat' dir='ltr'>ea</span> <span class='ocrx_word' id='word_1_129' title='bbox 1563 1814 1689 1873; x_wconf 89' lang='lat' dir='ltr'>sola</span> <span class='ocrx_word' id='word_1_130' title='bbox 1715 1832 2067 1882; x_wconf 91' lang='lat' dir='ltr'>memorem,</span> 
     </span>
     <span class='ocr_line' id='line_1_18' title="bbox 264 1911 2069 1990; baseline 0.001 -21"><span class='ocrx_word' id='word_1_131' title='bbox 264 1930 402 1988; x_wconf 88' lang='lat' dir='ltr'>quae</span> <span class='ocrx_word' id='word_1_132' title='bbox 427 1913 502 1970; x_wconf 92' lang='lat' dir='ltr'>ad</span> <span class='ocrx_word' id='word_1_133' title='bbox 527 1911 837 1971; x_wconf 87' lang='lat' dir='ltr'>caelestem</span> <span class='ocrx_word' id='word_1_134' title='bbox 863 1911 1096 1971; x_wconf 90' lang='lat' dir='ltr'>Lucem</span> <span class='ocrx_word' id='word_1_135' title='bbox 1124 1913 1466 1990; x_wconf 83' lang='lat' dir='ltr'>pertinent3</span> <span class='ocrx_word' id='word_1_136' title='bbox 1506 1912 1683 1990; x_wconf 91' lang='lat' dir='ltr'>quale</span> <span class='ocrx_word' id='word_1_137' title='bbox 1712 1911 1881 1982; x_wconf 92' lang='lat' dir='ltr'>illud,</span> <span class='ocrx_word' id='word_1_138' title='bbox 1906 1912 2069 1989; x_wconf 92' lang='lat' dir='ltr'>quod</span> 
     </span>
     <span class='ocr_line' id='line_1_19' title="bbox 264 2007 2071 2088; baseline 0.001 -22"><span class='ocrx_word' id='word_1_139' title='bbox 264 2007 459 2088; x_wconf 86' lang='lat' dir='ltr'>Virgo</span> <span class='ocrx_word' id='word_1_140' title='bbox 490 2009 918 2079; x_wconf 90' lang='lat' dir='ltr'>laudatissima,</span> <span class='ocrx_word' id='word_1_141' title='bbox 952 2030 1071 2087; x_wconf 91' lang='lat' dir='ltr'>qua</span> <span class='ocrx_word' id='word_1_142' title='bbox 1107 2011 1262 2069; x_wconf 92' lang='lat' dir='ltr'>duce</span> <span class='ocrx_word' id='word_1_143' title='bbox 1306 2030 1523 2070; x_wconf 85' lang='lat' dir='ltr'>usurus</span> <span class='ocrx_word' id='word_1_144' title='bbox 1565 2018 1694 2069; x_wconf 90' lang='lat' dir='ltr'>erat</span> <span class='ocrx_word' id='word_1_145' title='bbox 1725 2009 1918 2069; x_wconf 90' lang='lat' dir='ltr'>Poeta</span> <span class='ocrx_word' id='word_1_146' title='bbox 1960 2028 2071 2087; x_wconf 89' lang='lat' dir='ltr'>per</span> 
     </span>
     <span class='ocr_line' id='line_1_20' title="bbox 262 2108 2067 2185; baseline 0.001 -21"><span class='ocrx_word' id='word_1_147' title='bbox 262 2108 573 2185; x_wconf 86' lang='lat' dir='ltr'>regionem</span> <span class='ocrx_word' id='word_1_148' title='bbox 610 2108 944 2177; x_wconf 89' lang='lat' dir='ltr'>beatorum,</span> <span class='ocrx_word' id='word_1_149' title='bbox 983 2108 1173 2166; x_wconf 90' lang='lat' dir='ltr'>oculis</span> <span class='ocrx_word' id='word_1_150' title='bbox 1217 2109 1399 2167; x_wconf 94' lang='lat' dir='ltr'>modo</span> <span class='ocrx_word' id='word_1_151' title='bbox 1444 2110 1508 2167; x_wconf 91' lang='lat' dir='ltr'>in</span> <span class='ocrx_word' id='word_1_152' title='bbox 1555 2109 1762 2168; x_wconf 86' lang='lat' dir='ltr'>Solem</span> <span class='ocrx_word' id='word_1_153' title='bbox 1806 2109 1964 2178; x_wconf 88' lang='lat' dir='ltr'>fixis,</span> <span class='ocrx_word' id='word_1_154' title='bbox 2002 2114 2067 2166; x_wconf 90' lang='lat' dir='ltr'>et</span> 
     </span>
     <span class='ocr_line' id='line_1_21' title="bbox 259 2205 2066 2285; baseline 0.001 -22"><span class='ocrx_word' id='word_1_155' title='bbox 259 2205 435 2264; x_wconf 93' lang='lat' dir='ltr'>illum</span> <span class='ocrx_word' id='word_1_156' title='bbox 465 2213 703 2265; x_wconf 86' lang='lat' dir='ltr'>mutare</span> <span class='ocrx_word' id='word_1_157' title='bbox 733 2208 935 2284; x_wconf 89' lang='lat' dir='ltr'>potuit</span> <span class='ocrx_word' id='word_1_158' title='bbox 965 2214 1029 2266; x_wconf 89' lang='lat' dir='ltr'>et</span> <span class='ocrx_word' id='word_1_159' title='bbox 1057 2208 1122 2265; x_wconf 92' lang='lat' dir='ltr'>in</span> <span class='ocrx_word' id='word_1_160' title='bbox 1152 2207 1366 2266; x_wconf 91' lang='lat' dir='ltr'>caelum</span> <span class='ocrx_word' id='word_1_161' title='bbox 1397 2209 1527 2285; x_wconf 89' lang='lat' dir='ltr'>ipsa</span> <span class='ocrx_word' id='word_1_162' title='bbox 1550 2209 1700 2267; x_wconf 91' lang='lat' dir='ltr'>eniti</span> <span class='ocrx_word' id='word_1_163' title='bbox 1720 2217 1761 2243; x_wconf 83' lang='lat'>¹1¹</span> <span class='ocrx_word' id='word_1_164' title='bbox 1785 2207 1796 2265; x_wconf 71' lang='grc' dir='ltr'><strong>ἶ</strong></span> <span class='ocrx_word' id='word_1_165' title='bbox 1881 2206 2066 2277; x_wconf 77' lang='lat' dir='ltr'>Quid,</span> 
     </span>
     <span class='ocr_line' id='line_1_22' title="bbox 261 2305 2067 2383; baseline 0 -19"><span class='ocrx_word' id='word_1_166' title='bbox 261 2305 424 2383; x_wconf 92' lang='lat' dir='ltr'>quod</span> <span class='ocrx_word' id='word_1_167' title='bbox 474 2307 587 2383; x_wconf 89' lang='lat' dir='ltr'>piae</span> <span class='ocrx_word' id='word_1_168' title='bbox 638 2306 931 2383; x_wconf 88' lang='lat' dir='ltr'>cujusque</span> <span class='ocrx_word' id='word_1_169' title='bbox 974 2307 1189 2364; x_wconf 81' lang='lat' dir='ltr'>animae</span> <span class='ocrx_word' id='word_1_170' title='bbox 1240 2326 1484 2365; x_wconf 89' lang='lat' dir='ltr'>accessu</span> <span class='ocrx_word' id='word_1_171' title='bbox 1529 2308 1730 2365; x_wconf 90' lang='lat' dir='ltr'>rident</span> <span class='ocrx_word' id='word_1_172' title='bbox 1775 2307 2067 2383; x_wconf 91' lang='lat' dir='ltr'>quodam-</span> 
     </span>
     <span class='ocr_line' id='line_1_23' title="bbox 259 2403 2066 2483; baseline 0.001 -21"><span class='ocrx_word' id='word_1_173' title='bbox 259 2405 459 2474; x_wconf 91' lang='lat' dir='ltr'>mod0,</span> <span class='ocrx_word' id='word_1_174' title='bbox 492 2405 541 2462; x_wconf 90' lang='lat' dir='ltr'>si</span> <span class='ocrx_word' id='word_1_175' title='bbox 581 2405 730 2463; x_wconf 89' lang='lat' dir='ltr'>fides</span> <span class='ocrx_word' id='word_1_176' title='bbox 777 2403 1010 2475; x_wconf 79' lang='lat' dir='ltr'>Poetae,</span> <span class='ocrx_word' id='word_1_177' title='bbox 1049 2424 1326 2483; x_wconf 90' lang='lat' dir='ltr'>novaque</span> <span class='ocrx_word' id='word_1_178' title='bbox 1369 2425 1432 2463; x_wconf 92' lang='lat' dir='ltr'>se</span> <span class='ocrx_word' id='word_1_179' title='bbox 1468 2405 1605 2464; x_wconf 92' lang='lat' dir='ltr'>luce</span> <span class='ocrx_word' id='word_1_180' title='bbox 1636 2407 1905 2464; x_wconf 89' lang='lat' dir='ltr'>vestiunt</span> <span class='ocrx_word' id='word_1_181' title='bbox 1945 2406 2066 2464; x_wconf 88' lang='lat' dir='ltr'>sin-</span> 
     </span>
     <span class='ocr_line' id='line_1_24' title="bbox 259 2502 2062 2581; baseline 0.001 -21"><span class='ocrx_word' id='word_1_182' title='bbox 259 2502 417 2581; x_wconf 86' lang='lat' dir='ltr'>gulae</span> <span class='ocrx_word' id='word_1_183' title='bbox 457 2510 592 2560; x_wconf 89' lang='lat' dir='ltr'>tum</span> <span class='ocrx_word' id='word_1_184' title='bbox 640 2502 831 2561; x_wconf 85' lang='lat' dir='ltr'>stellae</span> <span class='ocrx_word' id='word_1_185' title='bbox 874 2510 1010 2561; x_wconf 91' lang='lat' dir='ltr'>tum</span> <span class='ocrx_word' id='word_1_186' title='bbox 1057 2503 1419 2562; x_wconf 85' lang='lat' dir='ltr'>Sanctorum</span> <span class='ocrx_word' id='word_1_187' title='bbox 1457 2524 1696 2581; x_wconf 90' lang='lat' dir='ltr'>quoque</span> <span class='ocrx_word' id='word_1_188' title='bbox 1740 2504 1974 2563; x_wconf 89' lang='lat' dir='ltr'>umbrae</span> <span class='ocrx_word' id='word_1_189' title='bbox 1994 2502 2062 2562; x_wconf 73' lang='lat'>¹¹?</span> 
     </span>
     <span class='ocr_line' id='line_1_25' title="bbox 261 2600 2064 2682; baseline 0.001 -24"><span class='ocrx_word' id='word_1_190' title='bbox 261 2600 466 2670; x_wconf 69' lang='lat' dir='ltr'>Quid?</span> <span class='ocrx_word' id='word_1_191' title='bbox 512 2609 930 2660; x_wconf 89' lang='lat' dir='ltr'>commentum</span> <span class='ocrx_word' id='word_1_192' title='bbox 973 2601 1127 2660; x_wconf 93' lang='lat' dir='ltr'>illud</span> <span class='ocrx_word' id='word_1_193' title='bbox 1170 2603 1474 2682; x_wconf 86' lang='lat' dir='ltr'>singulare</span> <span class='ocrx_word' id='word_1_194' title='bbox 1505 2604 1581 2661; x_wconf 92' lang='lat' dir='ltr'>de</span> <span class='ocrx_word' id='word_1_195' title='bbox 1612 2602 1812 2661; x_wconf 83' lang='lat' dir='ltr'>Choro</span> <span class='ocrx_word' id='word_1_196' title='bbox 1854 2603 2064 2660; x_wconf 90' lang='lat' dir='ltr'>beato-</span> 
     </span>
     <span class='ocr_line' id='line_1_26' title="bbox 259 2699 2065 2780; baseline 0.001 -23"><span class='ocrx_word' id='word_1_197' title='bbox 259 2719 395 2757; x_wconf 87' lang='lat' dir='ltr'>rum</span> <span class='ocrx_word' id='word_1_198' title='bbox 463 2699 765 2769; x_wconf 88' lang='lat' dir='ltr'>Manium,</span> <span class='ocrx_word' id='word_1_199' title='bbox 826 2703 928 2778; x_wconf 92' lang='lat' dir='ltr'>qui</span> <span class='ocrx_word' id='word_1_200' title='bbox 989 2700 1159 2760; x_wconf 89' lang='lat' dir='ltr'>velut</span> <span class='ocrx_word' id='word_1_201' title='bbox 1224 2703 1420 2762; x_wconf 89' lang='lat' dir='ltr'>sidera</span> <span class='ocrx_word' id='word_1_202' title='bbox 1477 2703 1752 2780; x_wconf 86' lang='lat' dir='ltr'>quaedam</span> <span class='ocrx_word' id='word_1_203' title='bbox 1819 2720 2065 2779; x_wconf 89' lang='lat' dir='ltr'>compo-</span> 
     </span>
     <span class='ocr_line' id='line_1_27' title="bbox 259 2800 2063 2878; baseline 0.001 -21"><span class='ocrx_word' id='word_1_204' title='bbox 259 2807 488 2858; x_wconf 88' lang='lat' dir='ltr'>nuntur</span> <span class='ocrx_word' id='word_1_205' title='bbox 533 2820 694 2858; x_wconf 88' lang='lat' dir='ltr'>nunc</span> <span class='ocrx_word' id='word_1_206' title='bbox 739 2801 802 2858; x_wconf 92' lang='lat' dir='ltr'>in</span> <span class='ocrx_word' id='word_1_207' title='bbox 848 2800 1092 2878; x_wconf 79' lang='lat' dir='ltr'>Aquilae</span> <span class='ocrx_word' id='word_1_208' title='bbox 1133 2821 1294 2859; x_wconf 91' lang='lat' dir='ltr'>nunc</span> <span class='ocrx_word' id='word_1_209' title='bbox 1338 2801 1401 2858; x_wconf 90' lang='lat' dir='ltr'>in</span> <span class='ocrx_word' id='word_1_210' title='bbox 1439 2800 1696 2859; x_wconf 85' lang='lat' dir='ltr'>Coronae</span> <span class='ocrx_word' id='word_1_211' title='bbox 1741 2801 1996 2858; x_wconf 89' lang='lat' dir='ltr'>formam</span> <span class='ocrx_word' id='word_1_212' title='bbox 2016 2808 2063 2869; x_wconf 91' lang='lat'>⁰,</span> 
     </span>
     <span class='ocr_line' id='line_1_28' title="bbox 258 2897 2062 2975; baseline 0.001 -20"><span class='ocrx_word' id='word_1_213' title='bbox 258 2917 460 2956; x_wconf 90' lang='lat' dir='ltr'>nonne</span> <span class='ocrx_word' id='word_1_214' title='bbox 498 2899 728 2975; x_wconf 91' lang='lat' dir='ltr'>optime</span> <span class='ocrx_word' id='word_1_215' title='bbox 766 2899 1088 2958; x_wconf 89' lang='lat' dir='ltr'>convenire</span> <span class='ocrx_word' id='word_1_216' title='bbox 1119 2899 1360 2957; x_wconf 90' lang='lat' dir='ltr'>videtur</span> <span class='ocrx_word' id='word_1_217' title='bbox 1389 2918 1530 2957; x_wconf 91' lang='lat' dir='ltr'>cum</span> <span class='ocrx_word' id='word_1_218' title='bbox 1561 2898 1803 2957; x_wconf 87' lang='lat' dir='ltr'>excelsa</span> <span class='ocrx_word' id='word_1_219' title='bbox 1840 2897 1946 2956; x_wconf 92' lang='lat' dir='ltr'>illa</span> <span class='ocrx_word' id='word_1_220' title='bbox 1988 2917 2062 2956; x_wconf 93' lang='lat' dir='ltr'>ac</span> 
     </span>
     <span class='ocr_line' id='line_1_29' title="bbox 257 2996 2058 3076; baseline -0.001 -21"><span class='ocrx_word' id='word_1_221' title='bbox 257 2998 575 3074; x_wconf 89' lang='lat' dir='ltr'>purissima</span> <span class='ocrx_word' id='word_1_222' title='bbox 605 2997 739 3055; x_wconf 89' lang='lat' dir='ltr'>caeli</span> <span class='ocrx_word' id='word_1_223' title='bbox 770 2998 1056 3076; x_wconf 74' lang='lat' dir='ltr'>regione?</span> <span class='ocrx_word' id='word_1_224' title='bbox 1142 2997 1291 3057; x_wconf 93' lang='lat' dir='ltr'>Dies</span> <span class='ocrx_word' id='word_1_225' title='bbox 1320 2998 1592 3076; x_wconf 87' lang='lat' dir='ltr'>profecto</span> <span class='ocrx_word' id='word_1_226' title='bbox 1621 3017 1722 3056; x_wconf 91' lang='lat' dir='ltr'>me</span> <span class='ocrx_word' id='word_1_227' title='bbox 1755 2996 2058 3066; x_wconf 91' lang='lat' dir='ltr'>deficeret,</span> 
     </span>
     <span class='ocr_line' id='line_1_30' title="bbox 257 3094 2060 3174; baseline 0.002 -23"><span class='ocrx_word' id='word_1_228' title='bbox 257 3102 602 3153; x_wconf 87' lang='lat' dir='ltr'>narrantem</span> <span class='ocrx_word' id='word_1_229' title='bbox 634 3096 836 3154; x_wconf 90' lang='lat' dir='ltr'>omnia</span> <span class='ocrx_word' id='word_1_230' title='bbox 865 3116 1003 3172; x_wconf 88' lang='lat' dir='ltr'>quae</span> <span class='ocrx_word' id='word_1_231' title='bbox 1047 3096 1234 3155; x_wconf 91' lang='lat' dir='ltr'>habet</span> <span class='ocrx_word' id='word_1_232' title='bbox 1279 3098 1574 3174; x_wconf 89' lang='lat' dir='ltr'>ejusmodi</span> <span class='ocrx_word' id='word_1_233' title='bbox 1606 3095 1919 3154; x_wconf 84' lang='lat' dir='ltr'>Comoedia</span> <span class='ocrx_word' id='word_1_234' title='bbox 1955 3094 2060 3154; x_wconf 84' lang='lat' dir='ltr'>illa</span> 
     </span>
     <span class='ocr_line' id='line_1_31' title="bbox 257 3193 2059 3272; baseline 0.001 -21"><span class='ocrx_word' id='word_1_235' title='bbox 257 3213 397 3252; x_wconf 91' lang='lat' dir='ltr'>vere</span> <span class='ocrx_word' id='word_1_236' title='bbox 434 3193 673 3252; x_wconf 87' lang='lat' dir='ltr'>Divina.</span> <span class='ocrx_word' id='word_1_237' title='bbox 765 3194 863 3253; x_wconf 87' lang='lat' dir='ltr'>Ex</span> <span class='ocrx_word' id='word_1_238' title='bbox 908 3196 1126 3272; x_wconf 88' lang='lat' dir='ltr'>quibus</span> <span class='ocrx_word' id='word_1_239' title='bbox 1171 3195 1458 3255; x_wconf 85' lang='lat' dir='ltr'>effectum</span> <span class='ocrx_word' id='word_1_240' title='bbox 1503 3201 1612 3264; x_wconf 89' lang='lat' dir='ltr'>est,</span> <span class='ocrx_word' id='word_1_241' title='bbox 1653 3201 1724 3252; x_wconf 91' lang='lat' dir='ltr'>ut</span> <span class='ocrx_word' id='word_1_242' title='bbox 1768 3213 1887 3271; x_wconf 91' lang='lat' dir='ltr'>qua</span> <span class='ocrx_word' id='word_1_243' title='bbox 1930 3212 2059 3253; x_wconf 87' lang='lat' dir='ltr'>ma-</span> 
     </span>
     <span class='ocr_line' id='line_1_32' title="bbox 257 3282 2057 3373; baseline -0.001 -21"><span class='ocrx_word' id='word_1_244' title='bbox 257 3293 411 3352; x_wconf 88' lang='lat' dir='ltr'>teria</span> <span class='ocrx_word' id='word_1_245' title='bbox 450 3293 796 3370; x_wconf 87' lang='lat' dir='ltr'>turpissime</span> <span class='ocrx_word' id='word_1_246' title='bbox 836 3293 958 3352; x_wconf 89' lang='lat' dir='ltr'>labi</span> <span class='ocrx_word' id='word_1_247' title='bbox 995 3282 1185 3354; x_wconf 86' lang='lat' dir='ltr'>soleat</span> <span class='ocrx_word' id='word_1_248' title='bbox 1226 3294 1443 3373; x_wconf 86' lang='lat' dir='ltr'>vulgus</span> <span class='ocrx_word' id='word_1_249' title='bbox 1483 3293 1860 3370; x_wconf 88' lang='lat' dir='ltr'>scriptorum,</span> <span class='ocrx_word' id='word_1_250' title='bbox 1891 3293 1955 3352; x_wconf 92' lang='lat' dir='ltr'>in</span> <span class='ocrx_word' id='word_1_251' title='bbox 1985 3311 2057 3351; x_wconf 89' lang='lat' dir='ltr'>ea</span> 
     </span>
    </p>
   </div>
   <div class='ocr_carea' id='block_1_3' title="bbox 259 3492 2055 3624">
    <p class='ocr_par' dir='ltr' id='par_1_3' title="bbox 259 3492 2055 3624">
     <span class='ocr_line' id='line_1_33' title="bbox 314 3492 2055 3554; baseline 0 -17"><span class='ocrx_word' id='word_1_252' title='bbox 314 3499 353 3524; x_wconf 80' lang='lat'>¹¹¹</span> <span class='ocrx_word' id='word_1_253' title='bbox 377 3493 542 3547; x_wconf 86' lang='lat' dir='ltr'>Dante,</span> <span class='ocrx_word' id='word_1_254' title='bbox 567 3493 807 3546; x_wconf 81' lang='lat' dir='ltr'>Paradiso,</span> <span class='ocrx_word' id='word_1_255' title='bbox 834 3508 875 3538; x_wconf 87' lang='lat'>2.</span> <span class='ocrx_word' id='word_1_256' title='bbox 901 3508 1094 3554; x_wconf 77' lang='lat'><strong>22-30.</strong></span> <span class='ocrx_word' id='word_1_257' title='bbox 1119 3504 1162 3541; x_wconf 86' lang='lat' dir='ltr'>et</span> <span class='ocrx_word' id='word_1_258' title='bbox 1184 3497 1305 3542; x_wconf 88' lang='lat' dir='ltr'>alibi.</span> <span class='ocrx_word' id='word_1_259' title='bbox 1551 3504 1578 3526; x_wconf 76' lang='lat'>¹¹</span> <span class='ocrx_word' id='word_1_260' title='bbox 1601 3495 1655 3540; x_wconf 90' lang='lat' dir='ltr'>E.</span> <span class='ocrx_word' id='word_1_261' title='bbox 1679 3510 1724 3554; x_wconf 82' lang='lat' dir='ltr'>g.</span> <span class='ocrx_word' id='word_1_262' title='bbox 1748 3494 1863 3539; x_wconf 85' lang='lat' dir='ltr'>Ibid.</span> <span class='ocrx_word' id='word_1_263' title='bbox 1886 3503 1931 3550; x_wconf 89' lang='lat'>5.</span> <span class='ocrx_word' id='word_1_264' title='bbox 1954 3492 2055 3538; x_wconf 88' lang='lat'>106.</span> 
     </span>
     <span class='ocr_line' id='line_1_34' title="bbox 259 3567 1014 3624; baseline 0.004 -14"><span class='ocrx_word' id='word_1_265' title='bbox 259 3574 282 3597; x_wconf 87' lang='lat'><strong>0</strong></span> <span class='ocrx_word' id='word_1_266' title='bbox 304 3567 419 3611; x_wconf 81' lang='lat' dir='ltr'>Ibid.</span> <span class='ocrx_word' id='word_1_267' title='bbox 447 3567 515 3612; x_wconf 90' lang='lat'>18.</span> <span class='ocrx_word' id='word_1_268' title='bbox 542 3567 806 3620; x_wconf 87' lang='lat'>100-—108;</span> <span class='ocrx_word' id='word_1_269' title='bbox 846 3581 915 3612; x_wconf 92' lang='lat'>10.</span> <span class='ocrx_word' id='word_1_270' title='bbox 941 3568 1014 3624; x_wconf 87' lang='lat'>64.</span> 
     </span>
    </p>
   </div>
  </div>
 </body>
</html>
