2288 4036
210 286 365 319 PRAEL.
388 284 569 318 xxx1X.
621 265 845 317 Pecudes
870 281 1075 334 avesque
1095 265 1320 315 Deorum
1344 264 1653 333 interpretes
1855 266 1889 319 7
1890 267 1960 321 93

448 405 595 454 Quam
617 407 758 450 multa
777 406 826 450 in
848 406 992 463 sylvas
1015 405 1164 450 avium
1186 419 1232 448 se
1253 405 1390 448 millia
1410 404 1625 455 condunt,

446 479 617 536 Vesper
636 478 730 530 ubi,
753 485 829 521 aut
849 478 1075 536 hybernus
1097 478 1188 535 agit
1210 477 1264 521 de
1284 477 1513 521 montibus
1534 477 1689 521 imber.

213 574 313 631 Ad
344 593 653 630 numerum
694 573 871 629 modo
913 572 1329 648 explicandum
1360 573 1460 628 vix
1497 590 1644 647 opus
1680 578 1807 629 erat
1850 573 1962 630 ista

213 669 569 728 similitudo:
623 670 725 726 sed
773 670 975 744 quidni
1024 688 1151 725 eam
1204 670 1337 726 ideo
1381 668 1715 726 adhibuerit
1757 668 1960 738 Poeta,

214 767 368 842 quod
399 767 629 824 assiduo
661 767 788 841 jam
819 785 928 822 usu
960 766 1244 823 didicerat
1281 765 1427 822 illud
1461 765 1743 834 PlatoniS‚
1771 766 1963 825 “Om-

213 865 323 931 nia,
356 883 483 938 quae
526 865 586 919 in
631 863 738 920 hac
770 863 892 920 vita
927 863 1158 932 adsunt,
1187 864 1635 920 meditationem
1667 864 1961 938 quandam

212 961 416 1017 mortis
446 959 652 1017 afferre
681 959 1043 1035 sapientibus
1061 959 1117 1016 ?'’
1787 973 1789 975 ’

294 1057 433 1114 Alia
463 1065 624 1115 certe
654 1058 897 1114 minime
928 1063 1065 1114 sunt
1096 1057 1289 1124 dubia,
1317 1057 1481 1131 siqua
1512 1055 1775 1119 Deorum
1796 1058 1962 1132 jussa

211 1155 676 1229 interpretantur
719 1155 841 1211 sive
885 1173 1022 1211 aves
1067 1173 1170 1210 seu
1215 1160 1428 1210 caetera
1461 1152 1752 1211 animalia.
1842 1152 1962 1210 Res

210 1250 336 1325 ipsa
383 1251 631 1308 debetur
676 1250 1057 1327 religionibus
1108 1251 1233 1326 ejus
1278 1251 1598 1325 temporis3
1665 1250 1962 1325 scriptoris

210 1355 319 1417 est,
351 1348 698 1405 commorari
740 1350 802 1405 in
837 1367 908 1405 ea
943 1367 1079 1404 cum
1119 1348 1417 1423 praecipua
1461 1347 1713 1422 quadam
1757 1346 1963 1422 volup-

210 1451 351 1502 tate.
441 1444 662 1502 Nescio
692 1453 910 1512 autem,
943 1465 1016 1501 an
1048 1463 1336 1519 nusquam
1373 1445 1560 1520 magis
1591 1444 1699 1501 sibi
1731 1444 1963 1519 placere

211 1542 481 1600 videatur
539 1542 848 1619 Virgilius,
908 1560 1084 1617 quam
1151 1541 1253 1598 ubi
1319 1541 1583 1598 canenda
1655 1547 1793 1597 sunt
1862 1540 1963 1597 illa

211 1638 460 1696 oracula.
549 1638 770 1706 AEneae‚
802 1638 963 1695 verbi
1009 1657 1203 1706 causa,
1243 1637 1440 1695 subito
1481 1638 1620 1694 visae
1661 1657 1963 1695 common-

209 1742 397 1793 strant
428 1754 672 1793 aureum
703 1754 932 1792 ramum
964 1735 1254 1792 columbae
1284 1735 1539 1810 geminae
1553 1743 1598 1790 ¹¹.

445 1842 551 1900 Ipsa
570 1842 654 1886 sub
678 1857 755 1886 ora
774 1842 857 1886 viri
878 1843 985 1886 caelo
1007 1857 1163 1886 venere
1185 1843 1399 1893 volanteS‚

446 1915 505 1958 Et
526 1913 655 1959 viridi
677 1914 827 1958 sedere
849 1915 944 1958 solo
972 1948 981 1958 .
1007 1948 1015 1958 .
1044 1948 1052 1957 .

446 1987 681 2031 Pascentes
704 1987 787 2030 illae
809 1993 985 2030 tantum
1006 1986 1184 2043 prodire
1206 1985 1399 2030 volando

447 2059 679 2108 Quantum
702 2060 792 2103 acie
812 2067 995 2116 possent
1015 2059 1133 2103 oculi
1155 2073 1328 2102 servare
1350 2064 1630 2115 sequentum.

210 2147 354 2206 Post
385 2148 599 2224 pau110‚

444 2241 628 2285 Tollunt
649 2257 696 2286 se
717 2243 893 2294 celeres,
914 2241 1224 2300 liquidumque
1244 2256 1322 2298 per
1343 2256 1443 2284 aera
1460 2242 1596 2298 lapsae

447 2314 638 2359 Sedibus
660 2316 820 2372 optatis
842 2315 1031 2373 geminae
1054 2329 1187 2370 super
1214 2314 1369 2358 arbore
1394 2313 1561 2365 sidunt,

446 2387 653 2432 Discolor
672 2388 793 2432 unde
814 2388 909 2431 auri
930 2402 1008 2444 per
1028 2401 1175 2430 ramos
1198 2401 1305 2430 aura
1326 2386 1513 2430 refulsit.

212 2479 381 2537 Nihil
412 2489 514 2538 aut
544 2482 843 2557 pulchrius
879 2489 982 2539 aut
1014 2482 1154 2548 veri,
1185 2483 1377 2550 cred0,
1409 2481 1666 2556 propiUS‚
1701 2480 1858 2554 quod
1888 2480 1962 2536 ad

211 2598 402 2635 mores
457 2587 686 2656 spectat
744 2588 805 2637 et
864 2581 1123 2656 speciem
1190 2581 1315 2655 ejus
1375 2582 1543 2638 avis:
1617 2579 1764 2636 illud
1826 2600 1962 2637 vero

211 2675 475 2732 omnium
529 2684 589 2733 et
637 2676 1119 2752 pulcherrimum,
1170 2683 1231 2732 et
1276 2696 1350 2733 ex
1398 2677 1527 2752 ejus
1578 2676 1964 2752 philosophiae

210 2770 343 2847 lege
383 2773 767 2839 verissimum,
808 2774 966 2848 quod
1004 2780 1280 2829 maternae
1323 2779 1490 2830 erant
1535 2791 1709 2841 aves;
1762 2774 1964 2848 itaque

210 2869 296 2923 ita
324 2867 527 2926 liberae
559 2869 903 2936 volitabant,
937 2877 1004 2925 ut
1034 2870 1321 2926 instinctu
1352 2869 1550 2925 divino
1594 2870 1839 2926 minime
1869 2889 1965 2927 ca-

210 2970 425 3020 rerent.

293 3059 449 3127 Jam,
481 3061 631 3117 sicut
674 3061 770 3118 hic
812 3080 916 3135 par
959 3060 1382 3128 columbarum,
1414 3062 1494 3118 sic
1525 3062 1586 3118 in
1621 3061 1963 3119 Laocoonte

211 3155 360 3212 illud
417 3156 669 3214 alterum
723 3158 1042 3214 draconum
1100 3176 1204 3232 par
1254 3159 1477 3233 optime
1525 3157 1800 3225 declarat,
1846 3178 1962 3234 qua

210 3259 428 3319 mente,
461 3253 673 3328 quibus
704 3253 887 3310 oculis
925 3254 1220 3328 aspexerit
1252 3253 1540 3330 Virgilius
1570 3273 1745 3321 omne
1774 3274 1961 3331 genus

211 3349 617 3405 animantium.
707 3348 866 3405 Hinc
914 3350 1091 3406 noxia
1141 3356 1203 3405 et
1258 3351 1467 3407 acerba
1510 3352 1725 3420 omnia,
1774 3358 1835 3407 et
1885 3352 1959 3409 ad

212 3443 603 3511 severitatem,
635 3452 702 3500 ut
732 3444 877 3500 nihil
919 3446 1120 3520 magis,
1154 3454 1524 3520 comparat-a:
1570 3446 1732 3504 illinc
1765 3447 1960 3505 dulcia

903 3620 928 3642 u
959 3613 1072 3655 AEn.
1096 3611 1137 3655 6.
1166 3627 1264 3670 191.
