2288 4036
365 158 474 214 474
685 159 850 211 Ratio
859 156 1116 228 formulae
1140 156 1410 226 cujusdam
1437 157 1764 226 dffcilioris.
1828 177 1988 210 PRAEL.
2007 179 2157 212 xxw.

362 323 542 380 quam
584 303 850 362 excurrit
882 302 1042 360 ultra
1071 303 1529 378 quatuordecim
1561 303 1948 378 versiculos);
1994 325 2162 363 cum-

361 421 479 477 que
509 408 800 478 praeterea
844 402 906 457 in
950 419 1013 457 se
1051 401 1348 476 receperit
1380 403 1793 460 conditionem
1838 403 2006 461 illam
2050 405 2162 461 mi-

360 501 525 559 nime
585 499 845 568 facilem,
902 517 1187 556 sonorum
1246 519 1368 557 non
1426 500 1610 557 modo
1662 502 1897 576 parium
1950 520 2160 559 verum

363 599 546 656 etiam
582 598 887 665 similium,
920 597 1101 654 certis
1131 599 1568 655 recurrentium
1602 598 1952 667 intervallis,
1977 606 2161 675 atque

362 699 522 755 inter
565 716 628 754 se
661 696 1114 773 jungendarum
1146 694 1392 771 obliquo
1429 716 1499 754 ac
1537 696 1765 754 difficili
1807 715 2005 754 nexu:
2052 698 2164 754 mi-

362 816 493 853 rere
538 814 697 862 sane,
740 794 884 869 quid
930 794 1082 851 adeo
1130 793 1314 851 fuerit
1358 795 1421 851 in
1463 814 1657 863 causa,
1700 815 1807 852 cur
1846 802 1942 852 tot
1978 796 2158 852 animi

361 895 550 970 rapidi
598 913 668 951 ac
712 893 1014 950 ferventes
1051 891 1212 950 ultra
1257 892 1369 950 sibi
1413 893 1812 969 imposuerint
1855 894 2001 951 istos
2045 902 2166 951 ter-

362 992 575 1048 minoS.
666 991 902 1049 Praeter
942 992 1104 1048 enim
1153 989 1346 1058 illum,
1385 1011 1567 1067 quem
1610 992 1791 1049 modo
1839 991 2162 1060 nominavi,

365 1090 732 1157 Petrarcam,
765 1090 933 1147 dedit
972 1109 1216 1167 operam
1256 1090 1596 1148 istiusmodi
1638 1090 2020 1158 carminibUS,
2046 1110 2165 1166 quo

363 1209 542 1247 nemo
581 1191 845 1248 severius
883 1190 1136 1266 scripsit,
1169 1209 1350 1247 nemo
1381 1189 1733 1267 religiosius,
1762 1189 1997 1247 Dantes
2029 1188 2164 1246 Ali-

361 1288 620 1365 gherus:
669 1289 838 1346 dedit
871 1288 1145 1347 Michael
1176 1287 1456 1367 Angelus
1497 1288 1600 1347 ille
1640 1288 2066 1357 Buonarotius‚
2096 1287 2167 1344 li-

364 1387 625 1444 berrimo
657 1406 726 1445 ac
758 1388 1096 1465 praegrandi
1122 1387 1342 1455 animO,
1368 1387 1608 1464 qualem
1634 1387 1802 1445 nulla
1827 1387 2002 1445 facile
2027 1406 2168 1444 con-

364 1486 690 1563 stringeret
736 1485 855 1553 lex,
886 1506 1009 1544 non
1046 1487 1226 1545 unius
1258 1486 1393 1544 dico
1424 1488 1587 1555 artis,
1620 1487 1725 1544 sed
1769 1506 1848 1544 ne
1894 1487 2164 1543 omnium

364 1586 611 1662 quidem
667 1591 968 1661 quotquot
1023 1593 1165 1643 sunt
1212 1586 1468 1646 artium:
1520 1586 1689 1643 dedit
1742 1585 1927 1643 etiam
1975 1584 2168 1662 Spen-

364 1704 530 1743 serus
559 1691 784 1753 noster,
815 1684 1204 1743 mollissimus
1235 1684 1415 1743 simul
1448 1691 1510 1742 et
1540 1685 1928 1763 gravissimus
1950 1684 2169 1742 Poeta-

364 1801 536 1841 rum:
582 1790 653 1841 ut
683 1783 832 1841 alios
863 1791 1100 1842 taceam
1141 1784 1526 1853 recentioreS,
1558 1804 1680 1841 non
1716 1783 1995 1862 indignos
2025 1802 2168 1841 sane

366 1885 467 1960 qui
527 1885 701 1941 istius
751 1884 951 1961 gregis
1006 1884 1363 1941 scribantur.
1456 1883 1832 1942 Crediderim
1885 1883 2167 1959 equidem

365 1981 519 2039 tales
564 1982 722 2040 viros
769 2002 890 2039 non
935 1982 1092 2040 forte
1133 1983 1391 2058 quadam
1439 1983 1544 2040 sed
1591 1981 1832 2040 occulto
1876 1983 2169 2039 instinctu

364 2081 646 2139 incidisse
698 2082 761 2138 in
815 2101 948 2139 eam
1004 2081 1350 2150 formulam,
1403 2101 1534 2158 quae
1587 2101 1727 2139 cum
1781 2088 1939 2138 esset
1991 2080 2169 2139 solito

367 2182 605 2248 arctior,
636 2181 966 2257 profundos
1007 2181 1348 2238 animorum
1385 2187 1571 2238 aestus
1602 2188 1666 2237 et
1697 2180 1994 2238 desideria
2036 2199 2171 2256 pos-

366 2286 459 2338 set
491 2278 671 2337 simul
703 2286 766 2337 et
797 2279 1002 2337 fovere
1033 2287 1095 2337 et
1127 2299 1527 2356 compescere,
1561 2279 1725 2337 salvo
1757 2280 2005 2355 pudore.
2072 2278 2172 2336 Ita

367 2379 598 2437 factum
636 2385 745 2445 est,
777 2385 848 2436 ut
889 2379 952 2435 in
992 2379 1187 2455 majus
1232 2386 1691 2455 promoveretur
1720 2378 1922 2436 vivida
1950 2378 2055 2436 illa
2085 2378 2173 2436 vis

367 2478 570 2544 animi,
609 2497 742 2553 quae
791 2477 1023 2535 consilii
1072 2477 1298 2553 poetici
1344 2496 1580 2554 experS,
1626 2477 1839 2534 fuisset
1885 2477 2175 2553 quodam-

368 2577 550 2634 modo
583 2577 831 2644 ruitura,
863 2576 1027 2634 mole
1058 2595 1183 2635 sua.

456 2672 666 2730 Redeo
687 2674 817 2750 jam
851 2673 926 2730 ad
954 2672 1220 2750 LyricOS,
1246 2693 1315 2732 ac
1345 2674 1683 2751 praesertim
1715 2674 1791 2732 ad
1816 2673 2172 2743 Pindarum;

369 2791 551 2847 quem
601 2779 849 2849 propter
899 2771 1080 2830 hodie
1123 2773 1185 2829 in
1234 2772 1397 2831 hunc
1444 2792 1785 2831 sermonem
1833 2773 2173 2831 incidimus.

373 2868 705 2927 Neminem
753 2877 962 2928 autem
1007 2870 1220 2948 fugiet,
1261 2872 1493 2948 opinor,
1533 2872 1634 2948 qui
1675 2871 1770 2929 vel
1814 2872 2053 2929 modice
2097 2871 2175 2928 sit

371 2967 642 3024 imbutus
690 2968 819 3043 ejus
867 2967 1072 3026 Poetae
1126 2969 1408 3039 lectione,
1440 2971 1580 3047 jure
1625 2970 1886 3046 quodam
1936 2968 2174 3045 proprio

372 3068 695 3124 convenire
731 3067 794 3123 in
840 3086 982 3124 eum
1015 3069 1234 3135 omnia,
1269 3089 1401 3145 quae
1444 3088 1553 3126 nos
1598 3068 1714 3125 hoc
1754 3074 2028 3144 tempore
2060 3066 2177 3124 dis-

371 3164 719 3239 putavimus
772 3166 847 3223 de
900 3167 1178 3225 universo
1230 3167 1587 3244 Lyricorum
1638 3185 1895 3244 genere:
1944 3163 2177 3222 difficil-

372 3261 516 3319 lime
555 3263 838 3322 videlicet
879 3265 1039 3340 apud
1082 3284 1184 3322 eos
1227 3264 1484 3321 inveniri
1530 3283 1661 3339 quae
1702 3264 1765 3320 in
1809 3281 2176 3339 unoquoque

371 3360 766 3418 scribentium
827 3381 1000 3420 mens
1060 3369 1123 3419 et
1182 3362 1414 3419 indoles
1479 3361 1747 3418 maxime
1808 3360 2173 3418 dominetur.

374 3456 541 3515 Nam
594 3466 658 3516 et
711 3459 963 3518 mirifica
1015 3466 1145 3518 arte
1192 3462 1500 3518 variantur
1551 3467 1736 3535 atque
1788 3458 2177 3535 implicantur

375 3554 675 3614 Pindarici
713 3558 967 3626 numeri,
1000 3565 1063 3615 et
1095 3577 1129 3615 e
1166 3557 1514 3634 longinquo,
1548 3558 1596 3616 si
1629 3558 1761 3633 quis
1806 3556 1977 3623 alius,
2020 3553 2176 3613 solet
