2288 4036
139 176 248 231 740
523 176 806 247 Virqiliwn
835 174 1049 244 mirzfloe
1074 173 1174 226 sibi
1200 182 1426 226 constare
1446 196 1461 225 .·
1560 192 1943 227 PRAEL.xxxv11.

144 323 327 391 lente,
361 323 521 399 quod
553 323 743 389 aiunt,
778 321 1092 378 Minerva:
1141 321 1227 407 ita
1257 328 1482 388 tamen,
1514 327 1584 378 ut
1614 319 1781 378 nullo
1827 340 1947 378 non

145 429 420 497 tempore
451 420 674 498 effugia
706 420 818 478 sibi
851 427 1150 496 quaereret
1182 439 1216 477 e
1246 437 1311 476 re
1342 418 1504 476 civili
1536 425 1599 476 et
1631 418 1847 477 bellica
1886 421 1948 477 in

143 539 282 578 rura
319 539 426 578 sua
457 527 519 578 et
552 518 925 588 solitudines,
958 525 1021 575 et
1063 517 1276 576 solatio
1320 518 1431 575 sibi
1479 517 1748 587 haberet,
1780 520 1950 596 siqua

143 619 452 677 incidisset
501 617 760 676 Naturae
806 618 1038 675 mentio
1061 617 1424 693 z—denique
1456 615 1712 673 AEneam
1758 617 1834 675 ab
1876 637 1949 674 eo
2028 682 2034 688 Ι

142 738 264 776 non
311 718 428 776 alio
462 718 588 775 fere
619 717 823 795 effingi
869 717 1135 784 modu10,
1168 736 1237 774 ac
1270 717 1452 792 siquis
1483 715 1745 774 officiose
1776 718 1951 774 undi-

145 837 262 893 que
305 818 603 895 indagarit
652 837 722 874 ea
763 837 900 893 quae
946 817 1021 874 ad
1063 836 1378 894 personam
1422 816 1795 892 pertinerent
1837 835 1948 873 nec

145 937 343 975 caram
379 918 489 974 sibi
523 937 634 974 nec
666 917 822 974 bene
854 917 1160 995 cognitam
1186 924 1228 974 ἢ.

231 1015 381 1074 Haec
430 1015 565 1084 Ille,
612 1025 675 1074 et
728 1016 901 1093 plura
946 1016 1193 1093 quidem
1243 1015 1571 1093 ejusmodi:
1627 1034 1747 1072 non
1800 1013 1951 1071 levis

143 1123 308 1173 certe
345 1127 572 1184 auctor,
608 1117 845 1193 quoties
876 1116 1170 1194 agebatur
1204 1115 1297 1173 vel
1336 1115 1411 1173 de
1452 1134 1516 1171 re
1560 1114 1818 1191 poetica,
1852 1113 1948 1170 vel

142 1215 217 1273 de
250 1216 464 1274 studiis
497 1235 705 1273 eorum
732 1216 834 1291 qui
867 1222 1074 1273 amant
1106 1214 1358 1272 fiumina
1388 1222 1450 1272 et
1481 1213 1693 1291 sylvas,
1724 1252 1726 1256 ,
1759 1213 1951 1273 Vide-

140 1315 218 1373 tis
265 1321 472 1373 autem
519 1315 648 1392 ejus
702 1315 1069 1373 sententiam
1118 1314 1427 1391 aptissime
1467 1314 1760 1390 quadrare
1807 1333 1947 1372 cum

139 1416 211 1473 iis
243 1435 377 1491 quae
410 1416 485 1473 de
517 1414 781 1493 Virgilio
827 1415 1104 1493 proxime
1136 1420 1278 1471 sunt
1310 1413 1632 1490 disputata.
1726 1413 1949 1490 Neque

138 1515 201 1571 in
246 1515 339 1573 his
385 1515 554 1592 quasi
600 1516 867 1593 auguriis
914 1514 1243 1592 quidquam
1291 1520 1396 1571 aut
1449 1513 1723 1589 ineptum
1771 1513 1948 1570 video

139 1622 247 1671 aut
279 1615 402 1672 veri
435 1635 676 1691 prorsus
709 1614 1014 1673 dissimile.

225 1714 348 1774 Sed
390 1723 518 1774 erat
559 1724 881 1793 praeterea,
913 1717 1072 1792 quod
1113 1717 1173 1772 in
1214 1715 1327 1772 hac
1365 1734 1428 1772 re
1461 1715 1690 1772 dictum
1726 1712 1945 1772 vellem

138 1812 353 1872 hodie:
406 1816 630 1892 quippe
677 1835 749 1873 eo
796 1814 1192 1873 vehementer
1240 1815 1563 1892 pertinens,
1609 1824 1680 1872 ut
1724 1814 1950 1873 intelli-

137 1914 315 1991 gatiS,
348 1913 678 1992 Virgilium
722 1915 784 1972 in
816 1915 980 1972 omni
1027 1916 1352 1992 scriptione
1397 1915 1619 1972 mirum
1652 1921 1947 1991 quantum

140 2013 254 2071 sibi
286 2021 596 2074 constare:
648 2034 768 2091 qua
801 2035 918 2073 una
950 2016 1217 2073 maxime
1249 2016 1598 2084 continetur
1626 2021 1845 2083 nostra,
1878 2021 1948 2072 ut

139 2114 227 2170 ita
276 2113 491 2182 dicam,
539 2113 831 2172 formula:
890 2112 1191 2172 Omnibus
1241 2113 1522 2172 videlicet
1575 2133 1643 2171 ac
1697 2113 1948 2191 singulis

140 2211 366 2282 Poetis,
414 2213 516 2289 qui
565 2214 810 2290 quidem
852 2215 978 2272 nati
1025 2234 1146 2272 non
1195 2213 1338 2271 facti
1382 2213 1519 2278 sint,
1562 2213 1745 2271 fuisse
1785 2214 1948 2271 unde

140 2312 393 2388 quisque
424 2311 691 2371 hauserit
720 2313 940 2371 Poesin
973 2333 1160 2382 suam,
1187 2312 1354 2370 velut
1380 2333 1414 2370 e
1446 2312 1631 2380 fonte,
1663 2312 1791 2390 ipse
1821 2312 1948 2390 ple-

137 2432 395 2489 rumque
427 2414 683 2471 inscius:
712 2411 916 2492 fuisse
948 2433 1201 2490 semper,
1228 2433 1349 2470 non
1381 2431 1619 2490 semper
1647 2413 1710 2470 in
1742 2412 1948 2471 oculos

137 2512 461 2569 incurrere.
555 2511 805 2569 Etenim
851 2531 1146 2589 ponamus
1187 2511 1311 2569 tale
1351 2511 1597 2588 aliquid,
1631 2510 1808 2588 quale
1838 2532 1947 2573 nos

136 2611 320 2668 modo
345 2612 625 2689 augurati
650 2630 875 2670 sumus.
923 2611 1103 2669 Subit
1126 2611 1290 2669 illico
1314 2611 1633 2669 admiratio
1654 2612 1944 2687 quaedam,

139 2729 247 2766 cur
265 2707 551 2787 Augusto
575 2717 701 2768 tam
735 2712 979 2787 penitus
1003 2731 1066 2769 se
1091 2711 1392 2770 addixerit
1410 2709 1724 2789 Virgilius,
1746 2710 1945 2788 Impe-

138 2809 321 2866 ratori
348 2807 556 2878 Poeta,
590 2810 930 2868 umbratilis
962 2810 1478 2888 negotiosissim03
1528 2830 1666 2887 quae
1697 2811 1944 2868 tandem

139 2904 416 2962 extiterit
449 2913 620 2964 tanta
659 2908 1123 2966 necessitudinis
1154 2929 1349 2967 causa.
1442 2908 1664 2986 Neque
1696 2910 1857 2967 enim
1898 2912 1947 2969 is

138 3004 273 3074 fuit,
315 3005 513 3073 cred0‚
554 3005 866 3084 Virgilius,
906 3009 1008 3084 qui
1059 3007 1151 3066 vel
1197 3028 1450 3066 munera
1493 3009 1751 3067 ambiret
1795 3011 1949 3086 pub-

139 3102 273 3172 lica,
307 3102 404 3160 vel
437 3122 514 3160 ex
543 3105 727 3162 animi
773 3107 863 3164 sui
909 3108 1212 3166 sententia
1241 3108 1654 3185 frequentaret
1685 3108 1852 3167 aulas
1883 3118 1946 3166 et

138 3201 350 3259 limina
402 3203 781 3280 principum:
851 3225 1049 3283 neque
1102 3207 1255 3265 adeo
1308 3208 1588 3266 immanis
1640 3215 1703 3266 et
1756 3208 1946 3285 impe-

140 3301 332 3358 riosus
375 3299 715 3378 August-us,
751 3304 854 3380 qui
901 3313 1072 3362 metu
1119 3305 1321 3383 aliquo
1365 3307 1639 3385 graviore
1686 3307 1943 3366 Poetam

140 3399 326 3457 vellet
356 3400 418 3457 in
449 3420 705 3477 pensum
739 3404 1012 3463 odiosum
1046 3405 1307 3484 adigere.
1350 3406 1354 3410 ’
1399 3406 1564 3476 Quin
1601 3408 1942 3475 statuimUS,

260 3616 283 3640 ⁸
306 3609 422 3655 Vide
441 3611 651 3656 Remains
673 3614 796 3669 qu.
817 3615 877 3658 H.
899 3615 1086 3668 Fronde,
1110 3624 1144 3661 t.
1167 3617 1212 3661 ii.
1237 3628 1341 3675 317,
1366 3618 1470 3675 318.
1507 3616 1654 3661 Lond.
1679 3611 1812 3675 ι1838.
