2288 4036
401 110 510 164 478
536 107 880 162 Scribentium
899 126 1054 161 aures
1073 125 1187 159 cum
1207 108 1402 160 animis
1419 109 1552 162 mire
1572 109 2029 162 consentire.PRAEL.
2050 129 2122 161 xx
2130 129 2198 162 ιν.

639 253 678 297 εἷ
700 252 737 297 δ’
760 252 899 298 ἅεθλα
918 252 1081 310 γάρυεν

639 327 802 378 ἔλδεαι,
823 325 966 384 φίλον
985 323 1109 383 ἦτορ,

637 399 787 458 μήκεθ
810 399 939 443 ἁλίου
962 400 1145 444 σκοπεῖν

638 473 754 517 ἀλλὸ
777 472 1078 530 θαλπνότερον
1099 470 1146 515 ἐν
1166 469 1305 529 ἁμέρᾳ
1324 472 1516 531 φαεννὸν
1537 472 1705 531 ἄστρον
1727 470 1888 530 ἐρήμας
1910 471 1963 517 δι’
1987 472 2174 532 αἵθερος·

638 545 737 603 μήδ’
758 544 1005 602 Ὀλυμπίας
1026 544 1173 603 ἀγῶνα
1194 544 1415 604 φέρτερον
1434 546 1700 603 αὐδάσομεν.

398 665 739 733 Videtisne,
771 663 1094 742 magnifico
1141 682 1422 722 sonorum
1470 666 1656 723 etiam
1702 670 1886 739 atque
1933 663 2200 742 rhythmi

397 771 689 842 apparatu
735 764 932 822 ornari
983 764 1359 821 mentionem
1406 763 1741 841 splendoris
1785 762 1948 820 illius
1991 763 2200 822 unici?

398 864 813 943 dignissimam
872 882 1015 921 sane
1068 881 1198 919 rem
1252 882 1384 939 quae
1435 862 1667 920 haereat
1718 861 1905 919 infixa
1957 868 2202 938 pectore

398 962 618 1019 summi
651 960 881 1020 Poetae.
973 959 1132 1018 Mox
1165 979 1306 1017 vero
1337 960 1414 1019 ad
1451 960 1644 1037 ipsam
1686 960 1965 1018 carminis
2010 967 2204 1017 mate-

397 1062 548 1119 riem
585 1079 921 1138 aggreSSUS,
953 1079 1166 1118 vocem
1198 1060 1344 1129 edit,
1376 1060 1439 1118 ni
1471 1059 1665 1127 fallor,
1697 1061 1955 1119 sermoni
2003 1058 2201 1117 multo

397 1160 758 1238 propiorem.

761 1282 864 1329 ὅθεν
885 1285 909 1327 ὁ
929 1282 1193 1343 πολύφατος
1211 1283 1345 1343 ὕμνος
1363 1283 1698 1345 ἀμφιβάλλεται

765 1359 926 1417 σοφῶν
945 1358 1172 1416 μητίεσσι,
1194 1359 1395 1405 κελαδεῖν

762 1434 934 1491 Κρόνου
954 1432 1090 1486 παῖδ’,
1113 1433 1158 1479 ἐς
1177 1433 1347 1493 ἀφνέαν
1367 1433 1589 1492 ἱκομένους

760 1507 976 1566 μάκαιραν
994 1505 1190 1566 Ἱέρωνος
1211 1508 1379 1553 ἑστίαν·

763 1578 1016 1637 θεμιστεῖον
1037 1579 1087 1627 ὃς
1106 1580 1303 1641 ἀμφέπει
1325 1584 1525 1628 σκᾶπτον
1546 1581 1592 1626 ἐν
1611 1580 1859 1640 πολυμάλῳ

765 1654 956 1712 Σικελίᾳ,
980 1654 1153 1714 δρέπων
1172 1655 1253 1714 μὲν
1275 1655 1474 1716 κορύφας
1493 1656 1653 1716 ἀρετ-ἃν
1672 1655 1760 1700 ἀπὸ
1781 1656 1946 1700 πασᾶν.

401 1771 636 1831 Iterum
657 1772 806 1850 jam,
827 1780 898 1831 ut
929 1774 1213 1850 equidem
1246 1775 1519 1844 arbitror,
1551 1793 1629 1832 ex
1659 1774 1775 1832 hoc
1806 1792 1998 1850 usque
2028 1791 2204 1830 versu

399 1872 635 1930 numeri
681 1873 745 1929 in
789 1873 1019 1950 majora
1062 1882 1419 1953 assurgunt3
1464 1874 1690 1952 injecta
1733 1872 2018 1931 videlicet
2063 1870 2205 1949 lyrae

399 1991 470 2030 ac
522 1972 726 2031 melici
780 1974 1128 2032 certaminis
1179 1975 1510 2043 mentione,
1561 1974 1723 2051 quod
1778 1979 2205 2051 argumentum

400 2092 542 2131 cum
571 2093 794 2152 magno
826 2093 1032 2133 amore
1061 2094 1371 2152 nunquam
1404 2095 1524 2134 non
1556 2074 1837 2152 prosequi
1867 2073 2040 2132 solet.

764 2210 1020 2273 ἀγλαΐζεται
1043 2214 1091 2260 δὲ
1113 2216 1182 2260 καὶ

764 2307 982 2346 μουσικας
1003 2289 1050 2334 ἐν
1069 2289 1213 2350 ἀώτῳ,

767 2359 839 2407 οἷα
859 2363 1070 2421 παίζομεν
1090 2364 1233 2424 φιλὰν

768 2435 924 2496 ἄνδρες
944 2437 1062 2498 ἀμφὶ
1085 2438 1202 2497 θάμα
1222 2437 1454 2497 τραπέζαν.

405 2552 504 2613 Ex
533 2553 626 2612 his
657 2561 720 2612 et
751 2553 975 2613 talibus
1006 2555 1260 2614 fortasse
1290 2554 1551 2634 intelligi
1581 2554 1823 2632 poterit,
1848 2552 2115 2611 multum
2147 2553 2208 2609 in

403 2651 607 2710 indole
631 2652 937 2729 scriptoris
966 2653 1307 2731 indaganda
1336 2671 1727 2710 numerorum
1752 2670 1991 2728 quoque
2015 2649 2210 2708 flexus

406 2758 470 2809 et
500 2751 823 2810 varietates
847 2751 1082 2811 valere:
1129 2753 1378 2829 perinde
1409 2772 1552 2811 sane
1582 2758 1766 2829 atque
1795 2769 2033 2830 gressus
2064 2768 2212 2807 eun-

407 2850 485 2909 tis
514 2851 578 2908 in
609 2850 984 2909 declarandis
1015 2852 1200 2909 animi
1231 2852 1520 2911 motibus.

496 2948 867 3025 Hujusmodi
925 2951 1112 3027 igitur
1161 2951 1398 3010 indiciis
1455 2971 1611 3020 usus,
1665 2949 2040 3018 Academici,
2088 2967 2210 3005 non

409 3047 763 3106 dubitanter
799 3048 1057 3106 audeam
1092 3049 1256 3109 hunc
1299 3050 1598 3109 Nostrum
1634 3050 1709 3108 ad
1745 3049 2000 3107 eandem
2038 3047 2211 3105 fami-

409 3145 554 3204 liam
599 3146 838 3216 referre,
872 3167 1055 3224 quam
1096 3155 1240 3206 ante
1273 3149 1406 3226 jam
1437 3149 1632 3207 ornari
1665 3148 1930 3205 diximus
1966 3145 2211 3204 nobilis-

410 3247 563 3304 simo
586 3246 715 3323 pari
737 3245 1084 3317 Poetarum,
1107 3247 1380 3306 Homero
1403 3256 1466 3306 et
1484 3246 1798 3326 AEschylo:
1842 3265 1920 3304 ex
1943 3265 2015 3304 ea
2038 3251 2210 3322 parte

411 3344 729 3414 duntaxat,
761 3364 879 3421 qua
922 3346 1230 3422 pertinent
1260 3366 1470 3405 omnes
1508 3348 1583 3405 ad
1627 3365 1826 3404 mores
1857 3351 1921 3403 et
1951 3343 2027 3402 ad
2057 3350 2212 3401 tem-

411 3463 560 3521 pora
610 3441 768 3520 (quae
820 3443 1003 3523 vulgo
1055 3448 1300 3525 vocant)
1354 3447 1614 3505 heroica.
1718 3445 2080 3521 Quanquam
2134 3442 2210 3499 de

414 3538 708 3620 AEschylo
739 3542 992 3602 fortasse
1021 3542 1281 3613 dubites,
1309 3565 1386 3603 an
1416 3545 1467 3604 is
1497 3545 1682 3603 ullius
1710 3543 1795 3602 rei
1826 3560 2026 3612 causa,
2056 3560 2211 3617 prae-
