2288 4036
260 274 414 307 PRAEL.
436 271 622 305 xxx1x.
676 255 858 304 Portae
883 251 1109 304 eburnam
1134 252 1279 321 apud
1306 250 1580 321 Viryilium
1603 252 1751 303 ratim
1901 251 2006 306 785

259 401 394 466 rim,
440 400 734 455 emittitur
772 394 1055 454 AEneasf:
1106 417 1233 472 quae
1280 415 1371 454 res
1419 397 1743 453 certissimo
1795 398 1871 453 sit
1921 399 2010 452 in-

259 495 442 552 dicio’'
495 496 602 569 (sic
653 495 811 550 enim
863 494 1351 569 interpretantur)
1401 500 1602 549 “vana
1658 511 1891 568 prorsus
1947 500 2009 549 et

258 592 663 649 commentitia
706 591 899 658 fuisse,
932 610 1059 665 quae
1102 591 1279 647 modo
1316 590 1596 646 docuerat
1641 589 1844 656 Poeta,
1886 589 2008 645 sive

259 689 332 745 de
377 688 706 744 Inferorum
752 687 1104 763 regionibus,
1150 689 1272 744 sive
1317 688 1390 743 de
1438 687 1597 742 omni
1642 704 1838 742 rerum
1883 684 2008 742 Na-

258 784 441 841 tura.’'
527 784 908 841 Considerate
938 792 1155 850 autem,
1188 802 1399 858 quaeSQ
1432 801 1547 858 quo
1579 783 1785 839 tendat
1815 782 2011 838 istius-

257 881 417 936 modi
456 881 622 937 rati0.
712 879 904 947 Quam
946 879 1117 936 multi
1165 881 1473 954 scriptores
1512 878 1736 935 scilicet
1767 877 2011 934 effinxe—

257 985 395 1034 runt
417 978 526 1035 sibi
551 978 722 1034 variis
745 977 1109 1053 temporibus
1135 979 1291 1034 varia
1321 977 1682 1034 somniorum
1705 976 1842 1041 visa,
1868 994 2010 1050 quo-

257 1096 387 1133 rum
419 1095 530 1152 ope
560 1078 1042 1134 commendarent
1078 1076 1246 1133 nobis
1291 1094 1396 1132 sua
1429 1075 1656 1150 judicia
1687 1080 1815 1129 tum
1846 1073 1921 1129 de
1951 1091 2012 1128 re

258 1173 493 1241 Divina,
540 1181 670 1230 tum
719 1174 792 1230 de
840 1174 962 1230 vita
1011 1192 1078 1230 ac
1129 1171 1421 1229 moribus!
1511 1170 1678 1227 Num
1731 1168 2011 1226 credibile

256 1277 365 1337 est,
395 1270 605 1327 horum
644 1288 1126 1345 unumquemque
1171 1288 1289 1325 non
1333 1267 1510 1324 modo
1558 1267 1811 1323 caruisse
1851 1266 2013 1322 omni

255 1385 467 1434 rerum,
515 1385 660 1442 quas
713 1368 837 1442 ipse
888 1366 1157 1434 docebat,
1205 1366 1341 1432 fide,
1388 1382 1591 1419 verum
1643 1363 1825 1419 etiam
1873 1362 2015 1418 data

256 1483 434 1539 opera
468 1463 734 1521 fraudem
777 1482 942 1520 suam
985 1462 1280 1519 declarare
1312 1460 1605 1518 voluisse?
1645 1459 1818 1534 plane
1846 1460 2013 1533 quasi

256 1560 430 1627 dicat,
472 1561 740 1618 “Cavete
770 1560 900 1617 haec
935 1578 1176 1616 assensu
1222 1556 1651 1633 comprobetis:
1703 1556 1903 1613 fucata
1944 1575 2012 1612 ac

255 1658 393 1714 ficta
446 1665 584 1714 sunt
628 1658 839 1723 omnia,
879 1657 1200 1731 voluptatis
1246 1654 1472 1712 causa.”
1561 1653 1779 1728 Ecquis
1832 1652 2013 1709 talem

257 1753 407 1809 ferat
435 1753 761 1829 gravissimi
792 1753 982 1827 operis
1012 1752 1335 1809 clausulam
1357 1760 1384 1799 g
1400 1750 1422 1808 ἲ

343 1847 503 1915 Quin
534 1848 866 1915 statuimUS,
898 1849 1030 1905 ideo
1071 1849 1439 1923 potissimum
1475 1845 1659 1903 veluti
1691 1846 1764 1901 de
1801 1844 2016 1901 somni-

256 1945 492 2001 antibus
523 1946 637 2002 ista
666 1946 901 2010 narrari,
926 1945 1082 2019 quod
1113 1945 1449 2019 pertineant
1472 1942 1749 1999 videlicet
1779 1942 1852 1998 ad
1884 1959 2015 1997 eam

256 2042 575 2118 regionem,
613 2062 749 2117 quae
798 2048 1000 2098 mente
1051 2061 1169 2098 non
1208 2040 1394 2097 oculis
1438 2040 1826 2114 conspicitur:
1876 2057 2017 2113 qua-

257 2156 392 2193 cum
427 2138 575 2194 adeo
602 2143 731 2192 tum
772 2137 1030 2193 maxime
1072 2136 1266 2193 solent
1303 2136 1571 2192 homines
1609 2135 1826 2191 habere
1857 2153 2017 2191 com-

256 2236 493 2301 mercia,
545 2253 678 2290 cum
731 2241 932 2290 mente
984 2233 1108 2290 sola
1157 2233 1422 2309 vigilant,
1476 2231 1680 2306 sopitis
1732 2230 2013 2287 sensibus,

259 2331 353 2387 Ex
384 2349 503 2405 quo
534 2329 801 2397 efficitur,
834 2338 868 2361 ‘⁶
887 2330 1158 2387 eburneae
1202 2328 1423 2404 portae’'
1453 2346 1571 2383 non
1613 2326 1790 2382 aliam
1830 2326 2015 2380 ferme

258 2447 383 2485 esse
429 2429 564 2494 vim,
610 2447 678 2484 ac
723 2427 770 2483 si
815 2427 1058 2483 dixisset
1091 2425 1396 2501 Virgilius,
1434 2424 1684 2481 AEneam
1730 2441 1763 2477 e
1808 2439 2014 2497 sopore

259 2525 586 2581 excitatum
617 2522 998 2588 intellexisse,
1018 2541 1123 2597 per
1144 2540 1414 2578 somnum
1442 2521 1550 2577 sibi
1582 2531 1815 2576 ostensa
1836 2518 2015 2574 fuisse

258 2628 426 2677 tanta
464 2639 806 2677 arcanarum
854 2619 1204 2694 religionum
1257 2616 1570 2674 miracula:
1624 2635 1744 2672 non
1784 2634 1901 2689 quo
1946 2632 2016 2670 ea

259 2718 667 2775 commentitia
703 2717 834 2783 sint,
867 2716 969 2773 sed
999 2722 1068 2772 ut
1108 2724 1373 2772 servetur
1412 2713 1740 2771 communis
1783 2712 1881 2767 lex
1920 2729 2015 2766 ea-

258 2834 388 2871 rum
412 2834 624 2881 rerum,
645 2833 773 2889 quae
802 2813 1090 2869 mundum
1121 2831 1442 2886 sensusque
1473 2815 1766 2885 superant.
1829 2807 2010 2863 Porro

260 2912 416 2987 quod
460 2910 693 2968 “falsa”
725 2909 1044 2985 appellavit
1090 2908 1478 2973 “insomnia‚”
1515 2926 1635 2963 non
1678 2923 1874 2962 rerum
1927 2903 2014 2978 ip-

260 3025 472 3073 sarum,
497 3008 687 3071 crede,
713 3007 951 3082 negavit
982 3006 1310 3072 veritatem,
1343 3005 1445 3061 sed
1475 3005 1760 3080 imagines
1791 3018 2012 3064 earum,

260 3123 379 3160 non
408 3104 575 3179 ipsas,
608 3103 957 3180 significavit
986 3102 1186 3159 AEneae
1216 3121 1409 3158 coram
1441 3101 1713 3158 adfuisse.

351 3199 558 3275 Atque
604 3206 673 3255 ut
718 3198 1041 3275 Virgilium
1093 3198 1325 3255 credam
1374 3216 1436 3254 re
1483 3217 1549 3254 ac·
1595 3196 1844 3252 veritate
1886 3211 2013 3248 ver-

262 3298 372 3355 sari
416 3298 475 3353 in
521 3296 808 3371 ejusmodi
852 3296 1133 3362 doctrina,
1164 3315 1282 3351 non
1321 3295 1471 3352 θέσιν
1508 3293 1702 3357 mode,
1733 3297 1801 3347 ut
1845 3290 2012 3346 aiunt

263 3393 476 3460 Graeci,
525 3389 938 3471 διαφυλάττειν,
985 3392 1251 3467 plurimis
1294 3391 1569 3465 equidem
1616 3388 1875 3445 adducor
1925 3404 2014 3441 ar-

328 3564 346 3594 f
363 3565 475 3610 AEn.
500 3564 540 3607 6.
562 3564 620 3608 ad
640 3564 716 3607 fin.
896 3570 916 3595 ἔ
940 3562 1009 3605 Cf.
1028 3561 1319 3613 Warburton,
1340 3562 1498 3605 Divine
1514 3559 1740 3615 Leyation,
1763 3556 1838 3600 lib.
1857 3556 1901 3599 ii.
1921 3570 1962 3607 4.

1093 3641 1128 3693 3
1160 3653 1197 3692 E
