2288 4036
313 161 423 214 530
499 158 798 223 Pindarica
822 156 1063 232 quaedwm
1075 158 1294 232 placido
1318 178 1382 214 ao
1407 158 1510 214 loni
1534 168 1716 215 tenore.
1775 179 1936 213 mum.
1955 176 2107 213 xxv1.

316 307 492 378 Mox,
517 306 775 367 Homeri
804 306 1102 385 Tyrtaeive
1131 305 1311 383 plane
1343 306 1571 376 similis,
1596 307 1828 365 animos
1858 307 1922 364 in
1942 305 2111 365 Mar-

312 407 400 464 tia
429 406 590 465 bella
620 405 882 464 exacuit.

551 528 666 575 ἵστω
696 528 784 588 γὰρ
813 527 976 587 σαφὲς,
999 525 1127 585 ὅστις
1157 527 1204 573 ἐν
1231 527 1368 587 ταύτᾳ
1394 528 1565 589 νεφέλᾳ
1585 529 1784 589 χάλαζαν
1813 527 1993 587 αἵματος
2022 529 2110 586 πρὸ

594 613 597 618 “
613 602 754 662 φίλας
774 603 943 661 πάτρας
963 598 1185 660 ἀμύνεται,

551 678 708 738 λοῖγον
728 676 836 722 ἄντα
857 676 1010 736 φέρων
1031 676 1208 739 ἐναντίῳ
1232 677 1427 739 στρατῷ,

550 752 701 808 ἀστῷν
721 753 849 810 γενεᾷ
871 750 1086 810 μέγιστον
1107 750 1236 797 κλέος
1257 751 1430 816 αὔξων,

553 828 672 882 ζώων
692 822 728 869 τ’
752 824 839 869 ἀπὸ
861 824 932 868 καὶ
955 824 1111 870 θανών.

550 901 603 945 τὺ
625 899 689 952 δὲ,
713 899 944 944 Διοδότοιο
965 901 1060 951 παῖ,
1083 899 1286 957 μαχατὰν

551 973 703 1019 αἵνεων
723 972 1002 1037 Μελέαγρον,
1025 971 1178 1018 αἵνεων
1200 973 1248 1018 δέ
1271 974 1341 1018 καὶ
1360 972 1548 1032 Ἐκτόρα

547 1045 828 1107 Ἀμφίαρηόν
849 1065 912 1099 τε,

551 1120 717 1167 εὗάνθέ
741 1119 1021 1167 ἀπεπνεύσας
1041 1118 1215 1165 ἁλικίαν

548 1197 793 1255 προμάχων
813 1194 876 1240 ἀν’
900 1193 1073 1252 ὅμιλον,
1097 1193 1183 1240 ἕνθ’
1206 1193 1384 1254 ἄριστοι

549 1270 690 1328 ἔσχον
709 1267 925 1327 πολέμοιο
947 1270 1088 1315 νεῖκος
1109 1267 1321 1328 ἐσχάταις
1341 1263 1539 1319 ἕλπίσιν.

393 1382 711 1440 Postremo
755 1379 963 1458 (atque
1007 1380 1124 1438 hoc
1169 1380 1320 1438 illud
1369 1387 1516 1448 erat,
1559 1387 1806 1458 propter
1842 1381 2001 1458 quod
2051 1380 2116 1437 in

298 1479 420 1540 'hoc
468 1481 851 1559 potissimum
906 1481 1173 1539 carmine
1219 1481 1448 1538 diutius
1493 1480 1698 1558 paullo
1740 1499 2118 1539 commoran-

305 1582 451 1639 dum
493 1582 921 1657 decreveram)
961 1581 1183 1638 diserte
1230 1580 1427 1649 docet,
1474 1599 1644 1638 suam
1681 1600 1811 1638 rem
1856 1580 1970 1658 agi,
2017 1578 2116 1637 vel

282 1680 484 1739 ¹⁴amici
507 1679 606 1738 vel
629 1678 980 1756 reipublicae
1006 1675 1262 1747 damn03'
1306 1678 1552 1738 subesse
1575 1688 1783 1738 tamen
1808 1699 1978 1758 spem
2009 1679 2116 1738 bo-

304 1799 446 1838 nam
472 1786 842 1856 certamque,
864 1798 928 1837 se
959 1778 1100 1836 forti
1133 1778 1331 1843 adhuc
1362 1786 1424 1837 et
1457 1799 1636 1856 aequo
1668 1780 1796 1838 fore
1827 1781 2029 1839 animo
2048 1787 2112 1837 ¹¹:

546 1907 680 1952 ἔτλαν
701 1905 749 1950 δέ
770 1904 929 1951 πένθος
951 1905 1003 1949 οὐ
1026 1906 1186 1964 φατόν·
1220 1904 1340 1949 ἀλλὰ
1362 1908 1438 1950 νῦν
1457 1924 1533 1963 μοι

548 1977 762 2038 Γαιάοχος
783 1978 930 2024 εὐδίαν
951 1978 1157 2024 ὄπασσεν

547 2053 593 2097 ἐκ
624 2058 851 2113 χειμῶνος·
885 2053 1090 2111 ἀείσομαι
1121 2052 1281 2111 χαίταν
1312 2054 1608 2114 στεφάνοισιν
1632 2053 1863 2113 ἁρμόσαις·
1896 2055 1921 2098 ὁ
1947 2051 1984 2098 δ’
2006 2051 2113 2098 ἀθα-

607 2128 748 2173 νάτων
765 2127 824 2186 μὴ
834 2127 1088 2187 ’θρασσέτω
1109 2129 1280 2187 φθόνος

545 2201 571 2246 ὅ
592 2221 633 2246 τι
654 2203 844 2261 τερπνὸν
865 2202 1091 2263 ἐφάμερον
1111 2204 1279 2248 διώκων

544 2276 702 2323 ἕκαλος
722 2278 882 2335 ἔπειμι,
904 2279 1044 2337 γῆρας
1066 2278 1110 2324 ἕς
1131 2296 1180 2322 τε
1201 2278 1279 2322 τὸν
1299 2279 1524 2337 μόρσιμον

544 2350 692 2396 αἰῶνα.
720 2351 970 2410 θνάσκομεν
991 2352 1078 2411 γὰρ
1102 2353 1219 2410 ὁμῶς
1239 2351 1442 2398 ἅπαντες·

545 2426 711 2484 δαίμων
731 2424 768 2470 δ’
792 2421 935 2473 ἀΐσος·
971 2427 1026 2471 τὰ
1048 2427 1196 2484 μακρὰ
1218 2426 1254 2471 δ’
1278 2424 1320 2470 εἴ
1338 2445 1405 2472 τις

542 2500 791 2553 παπταίνει,
812 2500 986 2560 βραχὺς
1007 2500 1234 2557 ἐξίκεσθαι
1258 2500 1540 2561 χαλκόπεδον
1561 2500 1672 2546 θεῶν
1692 2499 1838 2560 ἕδραν.

386 2619 490 2678 Ad
515 2639 834 2690 summam,
859 2620 1085 2698 injecta
1108 2618 1605 2699 Bellerophontis
1629 2622 1957 2691 mentione,
1980 2640 2110 2680 rem

302 2720 495 2779 tribus
526 2721 723 2780 verbis
768 2728 1014 2780 revocat
1059 2721 1137 2780 ad
1182 2722 1448 2780 amicum
1479 2722 1790 2791 victorem,
1822 2740 2005 2799 quem
2037 2741 2111 2780 eo

302 2828 579 2898 tempore
612 2820 960 2879 celebrabat
978 2829 1028 2879 x·

483 2943 592 3002 ἄμμι
614 2942 668 2997 δ’,
684 2943 718 2988 ὦ
738 2943 913 3003 χρυσέᾳ
933 2946 1045 3003 κόμᾳ
1067 2944 1260 2999 θάλλων,
1275 2946 1403 3004 πόρε,
1422 2944 1575 3003 Λοξία,
1597 2946 1767 2990 τεαῖσιν
1787 2943 2051 3004 ἁμίλλαισιν

484 3017 666 3063 εὐανθέα
686 3018 757 3062 καὶ
778 3018 925 3063 Πυθόϊ
945 3017 1188 3078 στέφανον.

301 3121 637 3200 Agnoscas,
682 3128 753 3179 ut
806 3142 948 3181 cum
994 3122 1288 3182 Cicerone
1333 3122 1563 3200 loquar,
1606 3124 1878 3182 “mitem
1923 3131 2108 3202 atque

302 3225 617 3297 comptum
665 3222 926 3290 senem,”
968 3223 1072 3299 qui
1119 3241 1261 3281 cum
1304 3221 1631 3299 tranquillo
1676 3223 1896 3292 anim0,
1944 3223 2107 3299 quod

301 3319 379 3377 ad
427 3338 491 3378 se
538 3319 779 3390 attinet,
827 3321 1226 3399 contemplari
1272 3321 1466 3381 soleat
1524 3321 1739 3379 ludum
1786 3321 2108 3391 Fortunae3

302 3416 453 3476 nihil
522 3418 771 3487 elatum,
841 3419 992 3477 nihil
1063 3420 1325 3480 sublime
1393 3421 1664 3499 cogitet3
1737 3419 1927 3478 oculis
1985 3439 2109 3477 non

546 3621 573 3644 u
595 3614 747 3658 Isthm.
767 3593 839 3659 vig
850 3627 925 3672 51.
1604 3620 1630 3646 x
1651 3616 1765 3659 Jbid.
1791 3628 1865 3676 70.
