2288 4036
175 166 286 217 804
375 161 677 234 Viryilium,
697 160 1047 226 Platonicum,
1082 160 1307 215 Veritati
1322 163 1682 233 praecinuisse.
1719 183 1977 217 vuffinxn.

284 308 381 367 Ex
441 328 564 366 uno
623 307 739 364 hoc
805 304 1064 384 intelligi
1131 313 1349 383 potest,
1410 326 1557 383 quas
1617 315 1817 384 partes
1877 309 1982 367 ob—

179 408 430 466 tinuerit
477 405 775 484 Virgilius
835 406 898 462 in
966 424 1173 463 eorum
1239 425 1479 482 quoque
1538 406 1742 465 indole
1801 407 1983 465 infor-

181 508 416 574 manda,
465 524 616 582 quos
668 504 798 581 ipsa
844 503 1204 561 instituebat
1260 503 1566 561 Ecclesia:
1627 505 1852 562 nedum
1907 505 1984 563 de

177 607 249 663 iis
297 605 555 672 dubites,
596 604 699 680 qui
744 603 1016 660 nondum
1058 603 1350 660 dederant
1395 602 1483 659 illi
1530 605 1799 673 nomina3
1839 624 1985 680 qua-

178 703 250 762 lis
311 710 440 762 erat
493 702 878 780 Augustinus
938 702 1084 779 ipse,
1138 702 1212 759 ad
1273 701 1543 759 medium
1603 722 1792 780 usque
1845 705 1986 762 vitae

180 812 439 881 tempus.
537 801 783 859 Etenim
835 802 987 878 siqui
1041 820 1178 859 cum
1229 799 1605 879 Hieronymo
1659 804 1985 861 severiores

178 910 352 960 erant
404 903 466 960 in
514 910 894 960 vetustorum
948 900 1168 969 literas,
1219 908 1534 959 senserunt
1587 909 1809 970 tamen,
1857 904 1987 961 sine

180 1001 443 1080 Virgilio
474 1020 857 1078 nequaquam
900 1000 1119 1058 erudiri
1167 1019 1340 1077 posse
1380 1001 1779 1078 ingenuorum
1813 1002 1984 1061 filios.

180 1103 473 1174 Queritur
529 1098 695 1170 illes,
747 1109 782 1134 ‘⁶
810 1102 1152 1160 sacerdotes
1203 1102 1494 1178 quosdam
1559 1100 1692 1171 Dei,
1754 1103 1991 1162 omissis

181 1203 531 1282 Evangeliis
571 1209 634 1261 et
676 1200 1016 1279 ProphetiS,
1050 1201 1393 1260 Comoedias
1437 1201 1657 1279 legere,
1694 1202 1989 1261 amatoria

182 1302 609 1362 Bucolicorum
667 1321 949 1361 versuum
1000 1301 1185 1359 verba
1243 1320 1476 1368 canere,
1531 1308 1738 1360 tenere
1786 1301 1990 1378 Virgi-

182 1402 349 1469 lium,
383 1410 445 1460 et
476 1402 537 1459 id
570 1401 729 1478 quod
777 1401 838 1458 in
886 1400 1085 1477 pueris
1116 1400 1492 1462 necessitatis
1524 1407 1634 1468 est,
1667 1400 1894 1457 crimen
1926 1401 1985 1457 in

180 1520 244 1558 se
290 1501 488 1558 facere
522 1499 906 1578 voluptatiS.'’
995 1499 1338 1566 Videtisne,
1371 1499 1499 1575 ejus
1535 1505 1701 1556 certe
1735 1497 1988 1574 judicic,

181 1598 367 1656 fuisse
399 1619 524 1657 rem
558 1598 663 1656 illo
697 1606 974 1675 tempore
1005 1616 1244 1674 prorsus
1274 1595 1713 1655 necessariam?

267 1699 443 1769 Quod
473 1698 520 1756 si
545 1698 785 1756 Platoni
812 1699 1031 1756 merito
1057 1697 1381 1756 tribuimus
1404 1697 1704 1774 propriam
1729 1696 1895 1754 illam
1920 1717 1992 1755 ac

182 1800 546 1877 praecipuam
578 1797 842 1867 laudem,
867 1818 943 1856 ex
976 1798 1138 1856 illius
1171 1799 1551 1875 potissimum
1578 1798 1812 1874 scriptis
1843 1797 1993 1854 hau-

184 1900 327 1957 sisse
353 1899 596 1957 Graecos
625 1898 903 1956 homiues
935 1897 1100 1955 illam
1131 1897 1486 1964 doctrinam,
1507 1916 1638 1973 quae
1663 1896 1820 1954 viam
1847 1916 1995 1973 quo-

184 2000 508 2057 dammodo
555 2006 852 2057 sterneret
898 1999 1259 2074 incorruptae
1298 1997 1859 2073 Veritatiz-eujus
1904 1997 1991 2055 rei

185 2096 492 2174 specimen
533 2096 828 2154 habemus
863 2096 1150 2153 idoneum
1183 2115 1325 2154 sane
1356 2116 1482 2173 prae
1514 2097 1770 2166 caeteris,
1801 2095 1840 2154 J
1846 2096 1994 2154 usti-

183 2216 331 2254 num
367 2195 702 2273 Martyrem
732 2195 1042 2272 :—-quidni
1081 2196 1398 2263 credimuS,
1431 2195 1694 2254 adfuisse
1735 2196 1989 2254 eandem

186 2297 306 2353 vim
342 2294 588 2373 Virgilii
620 2314 863 2372 quoque
902 2295 1287 2363 carminibUS,
1320 2294 1638 2354 Platonica
1675 2296 1992 2354 docentis?

185 2416 404 2473 nempe
450 2403 519 2452 ut
567 2394 926 2453 Latinorum
974 2414 1217 2453 suorum
1265 2395 1496 2453 animos
1541 2396 1844 2454 imbueret
1890 2397 1996 2453 ob-

187 2516 359 2555 scuro
384 2495 648 2572 quodam
673 2514 849 2554 sensu
876 2494 1142 2577 melioris
1166 2493 1439 2564 Naturae,
1452 2495 1725 2572 Verique
1750 2496 1826 2554 de
1850 2494 1998 2553 caelo

189 2596 447 2655 venturi.
534 2595 744 2673 Atque
777 2615 848 2654 eo
881 2594 1017 2672 plus
1049 2594 1343 2653 valiturus
1375 2603 1506 2654 erat
1539 2594 1850 2674 Virgilius,
1876 2614 1997 2671 quo

189 2706 252 2756 et
289 2697 544 2774 poeticis
580 2703 861 2755 uteretur
901 2695 1149 2764 deliciis,
1183 2702 1245 2753 et
1289 2696 1352 2754 in
1396 2716 1610 2754 manus
1651 2695 1931 2754 omnibus
1962 2714 1999 2752 e

189 2808 418 2866 tener0,
443 2797 604 2874 quod
637 2798 827 2866 aiunt,
851 2815 1056 2875 ungue
1090 2797 1446 2854 traderetur.
1528 2795 1731 2866 Quare
1763 2795 1999 2854 facilius

187 2898 473 2957 credituri
499 2905 670 2957 erant
695 2904 828 2955 tum
862 2897 1062 2955 vivere
1092 2917 1266 2974 posse
1297 2904 1433 2974 post
1464 2905 1723 2955 mortem
1748 2897 1996 2966 animas,

189 3006 323 3056 tum
360 2998 434 3056 ad
478 2998 678 3056 Deum
727 2996 1050 3074 aliquando
1094 2997 1304 3064 redire,
1337 2997 1501 3073 prius
1546 3004 1851 3074 purgataS,
1882 2996 1995 3053 nisi

190 3097 347 3154 forte
393 3104 669 3155 occurrat
714 3103 778 3155 et
823 3097 1025 3153 obstet
1073 3098 1337 3173 ipsorum
1388 3085 1654 3153 immane
1693 3095 1996 3172 quoddam

191 3196 376 3264 nefas,
403 3203 466 3253 et
498 3195 777 3272 pertinax
812 3196 875 3252 in
906 3196 1217 3272 peccando
1240 3196 1496 3254 animus.
1556 3195 1815 3264 Deinde,
1837 3194 1997 3271 quod

193 3303 323 3354 erat
368 3296 557 3353 instar
603 3296 895 3364 omnium,
929 3303 1055 3363 tam
1088 3316 1122 3353 e
1159 3294 1420 3374 Virgilio
1453 3313 1633 3372 quam
1676 3314 1710 3353 e
1743 3293 1999 3352 Platone

192 3393 551 3462 didicerunt,
586 3393 687 3470 qui
721 3393 969 3469 quidem
1017 3401 1188 3451 erant
1234 3393 1438 3451 indole
1482 3391 1686 3470 paullo
1733 3391 1999 3461 celsiore,

193 3494 468 3571 proxime
513 3492 722 3551 abesse
768 3512 803 3550 a
848 3494 1022 3551 nobis
1063 3492 1356 3550 Divinum
1403 3492 1647 3569 aliquid,
1695 3492 2000 3570 signisque

350 3616 366 3648 f
398 3617 445 3661 S.
472 3617 599 3662 Hier.
625 3617 685 3661 ad
705 3618 963 3662 Damasum.
991 3619 1079 3677 Ep.
1105 3633 1176 3663 21.
1207 3633 1276 3678 13.
1301 3626 1332 3663 t.
1357 3619 1386 3662 i.
1413 3618 1484 3678 76.
1510 3617 1670 3663 Venet.
1700 3617 1830 3677 1766.
