2288 4036
309 49 420 100 440
677 48 760 100 De
781 45 1112 100 muliebribus
1142 43 1390 115 :Eschyli
1403 44 1655 115 personis,
1781 60 2107 95 ruffinxxm.

311 189 549 248 Castior
601 189 887 248 videlicet
947 209 1017 246 ac
1078 189 1340 246 severior
1393 194 1523 246 erat
1568 186 1838 264 AEschyli
1888 185 2112 264 Pytha-

309 289 497 366 gorici
551 287 752 354 Musa,
803 306 984 364 quam
1038 306 1176 363 quae
1237 286 1381 344 satis
1440 285 1708 363 placeret
1761 283 2112 361 voluptariis

309 386 441 444 istis
474 387 736 444 auribus
1211 458 1213 460 ‚

400 481 523 541 Sed
576 482 778 540 mirari
826 480 1007 549 soleo,
1051 501 1171 557 quo
1217 481 1464 539 tandem
1514 481 1641 540 fato
1693 479 2000 550 acciderit,
2045 490 2115 539 ut

312 582 522 640 eadem
557 580 748 637 veluti
793 578 1031 636 macula
1069 578 1477 637 offenderetur
1520 578 1968 638 laudatissimus
2012 578 2115 637 ille

310 678 659 738 recentioris
691 676 931 735 Criticae
964 675 1263 746 AntisteS,
1301 696 1484 753 quem
1524 678 1587 734 in
1632 677 1726 735 his
1767 677 1946 735 rebus
1988 696 2116 736 ora-

310 775 448 834 cula
502 776 863 833 fundentem
930 776 1151 832 merito
1211 782 1534 833 veneratur
1599 795 1707 834 sua
1767 774 2114 835 Germania.

315 873 728 952 Schlegelium
792 874 943 943 dic0,
1005 873 1105 949 qui
1168 873 1542 951 AEschylum,
1604 872 1843 931 disertis
1902 874 2116 941 verbis,

311 973 480 1031 velut
511 974 841 1030 immanem
869 972 1171 1049 quendam
1196 991 1266 1030 ac
1295 991 1483 1050 prope
1511 972 1827 1050 Cynicum,
1853 972 2118 1051 ablegari

313 1071 507 1130 voluit
539 1092 574 1130 a
607 1071 806 1132 Musis
835 1071 966 1129 istis
997 1070 1390 1129 mollioribus

400 1170 599 1247 Atqui
644 1171 704 1242 111
751 1170 867 1227 1100
914 1178 1274 1247 argumento
1317 1170 1614 1248 exemplis
1659 1170 1912 1228 fortasse
1955 1169 2118 1228 haud

313 1267 475 1326 male
521 1269 911 1345 supersedeat
954 1267 1189 1343 aliquiS,
1222 1288 1360 1325 cum
1404 1269 1548 1325 satis
1593 1288 1702 1344 per
1745 1288 1808 1326 se
1854 1287 1947 1326 res
1992 1269 2121 1345 ipsa

318 1366 551 1434 doceat,
583 1367 686 1423 vix
723 1366 852 1423 fieri
897 1385 1072 1442 posse
1111 1374 1183 1423 ut
1225 1374 1469 1424 strenue
1501 1386 1641 1424 cum
1673 1366 1947 1436 fortibus,
1979 1387 2120 1425 cum

316 1463 610 1541 religiosis
657 1464 756 1540 pie
809 1465 1033 1522 sentiat
1075 1464 1272 1540 quivis
1319 1464 1666 1533 Poetarum,
1715 1464 1934 1542 frigeat
1978 1484 2120 1522 vero

315 1562 380 1619 in
423 1561 496 1619 iis
540 1562 735 1630 rebus,
770 1582 908 1638 quae
951 1564 1027 1620 ad
1069 1563 1469 1640 ingenuarum
1507 1563 1831 1621 mulierum
1877 1563 2121 1621 laudem

318 1660 646 1737 pertinent.
745 1660 996 1730 Etenim
1046 1662 1345 1719 virtutum
1396 1663 1669 1719 omnium
1719 1661 2121 1720 humanarum

317 1757 532 1814 eadem
563 1756 754 1815 ferme
783 1759 937 1816 ratio
968 1766 1078 1828 est,
1111 1761 1298 1818 etiam
1340 1760 1403 1816 in
1443 1778 1666 1837 genere
1698 1759 2119 1817 diversissimo.

320 1854 486 1912 Mire
516 1855 962 1931 quodammodo
993 1858 1154 1914 inter
1184 1877 1247 1916 se
1278 1858 1667 1915 consentiunt
1696 1857 1984 1927 militum,
2007 1859 2124 1915 vir-

316 1953 548 2032 ginum,
579 1955 964 2012 sacerdotum
996 1956 1258 2034 dignitas
1290 1964 1353 2014 et
1384 1956 1614 2033 pudor:
1659 1977 1737 2014 ne
1774 1957 1931 2015 forte
1967 1957 2123 2015 arbi-

318 2053 583 2122 tremini,
615 2054 716 2129 qui
762 2053 942 2130 pleno
975 2074 1077 2112 ore
1108 2055 1422 2112 tradiderit
1465 2056 1673 2112 drama
1707 2054 1856 2112 illud
1888 2055 2124 2114 Theba-

319 2172 485 2219 num,
518 2149 737 2232 ’'Apsos-
787 2150 1020 2221 μεστὸν,
1080 2172 1222 2211 011111
1281 2173 1523 2231 prorsus
1583 2154 1710 2212 fore
1769 2154 2036 2229 alienum
2088 2175 2125 2213 a

317 2270 540 2330 genere
567 2251 684 2313 hoc
715 2251 978 2309 delicato
1009 2271 1080 2310 ac
1109 2252 1458 2328 tranquillo.

409 2348 647 2408 Verum
678 2350 987 2408 enimvero
1019 2350 1117 2408 vel
1146 2351 1326 2409 unius
1358 2350 1697 2429 Iphigeniae
1728 2352 1873 2410 satis
1901 2352 2124 2410 habeat

321 2445 537 2523 aliquis
581 2448 894 2506 nominare
938 2467 1182 2518 nomen,
1224 2469 1343 2525 quo
1382 2445 1746 2527 AEschylum
1799 2449 1875 2506 ab
1919 2450 2126 2526 iniqua

323 2546 662 2623 suspicione
692 2553 955 2605 tueatur.
1039 2546 1259 2605 Dicam
1290 2548 1597 2606 audacius:
1643 2568 1825 2606 nemo
1855 2568 2124 2625 unquam

326 2642 536 2714 Poeta,
567 2659 655 2702 'ne
696 2647 857 2721 apud
900 2665 1003 2704 eos
1034 2645 1298 2722 quidem,
1331 2646 1435 2722 qui
1478 2645 1574 2703 vel
1618 2647 1900 2723 opinione
1945 2647 2124 2715 avita,

326 2742 423 2799 vel
475 2750 853 2802 sacrosancta
904 2744 1105 2803 edocti
1159 2744 1556 2822 philosophia,
1605 2746 1801 2803 inesse
1849 2752 2125 2803 sanctum

325 2840 554 2916 aliquid
613 2860 683 2899 ac
712 2868 715 2869 ⁷
742 2843 1062 2918 providum
1121 2843 1384 2901 foeminis
1442 2850 1664 2920 putant
1685 2860 1989 2911 z—nemO,
2037 2844 2129 2900 in-

327 2958 527 3015 quam,
559 2940 832 2997 omnium
868 2960 1068 3017 neque
1099 2941 1335 3000 dulcius
1374 2961 1572 3017 neque
1603 2942 1801 2999 verius
1831 2943 2127 3017 expressit

328 3036 597 3107 affectus,
653 3039 1036 3097 suavissimos
1093 3039 1230 3098 illos
1282 3041 1549 3116 quidem,
1602 3039 1728 3097 sive
1786 3038 1947 3106 filiae,
2001 3040 2128 3096 sive

329 3133 582 3214 sponsae,
609 3157 715 3195 seu
746 3139 1007 3215 denique
1035 3139 1221 3215 (quod
1252 3146 1478 3218 negant
1506 3139 1606 3196 isti
1638 3138 2127 3213 calumniatores)

327 3234 611 3311 ingenuae
641 3234 928 3292 mulieris.

418 3331 556 3390 “At
588 3333 750 3391 enim
784 3332 1015 3390 Noster
1056 3351 1177 3389 non
1220 3338 1290 3389 ut
1335 3332 1654 3408 Euripides
1695 3332 1929 3389 ornavit
1962 3330 2128 3408 Iphi-

330 3430 524 3508 geniae
557 3450 761 3492 casum
782 3431 951 3507 justa
979 3430 1215 3489 fabula:
1259 3437 1499 3488 tanturn
1533 3450 1653 3487 uno
1684 3429 1811 3488 solo
1843 3429 2126 3495 carmine,
