<?xml version="1.0" encoding="UTF-8"?>
<!DOCTYPE html PUBLIC "-//W3C//DTD XHTML 1.0 Transitional//EN"
    "http://www.w3.org/TR/xhtml1/DTD/xhtml1-transitional.dtd">
<html xmlns="http://www.w3.org/1999/xhtml" xml:lang="en" lang="en">
 <head>
  <title>
</title>
<meta http-equiv="Content-Type" content="text/html;charset=utf-8" />
  <meta name='ocr-system' content='tesseract 3.04.00' />
  <meta name='ocr-capabilities' content='ocr_page ocr_carea ocr_par ocr_line ocrx_word'/>
</head>
<body>
  <div class='ocr_page' id='page_1' title='image "./a588873902kebluoft_0228.png"; bbox 0 0 2288 4036; ppageno 0'>
   <div class='ocr_carea' id='block_1_1' title="bbox 388 203 2191 277">
    <p class='ocr_par' dir='ltr' id='par_1_1' title="bbox 388 203 2191 277">
     <span class='ocr_line' id='line_1_1' title="bbox 388 203 2191 277; baseline 0.001 -19"><span class='ocrx_word' id='word_1_1' title='bbox 388 203 502 258; x_wconf 82' lang='lat'>606</span> <span class='ocrx_word' id='word_1_2' title='bbox 705 205 1028 277; x_wconf 66' lang='lat' dir='ltr'>Earipidem</span> <span class='ocrx_word' id='word_1_3' title='bbox 1055 210 1159 262; x_wconf 83' lang='grc' dir='ltr'>τοῖς</span> <span class='ocrx_word' id='word_1_4' title='bbox 1185 207 1472 272; x_wconf 81' lang='grc' dir='ltr'>ἀσκητικοΐς</span> <span class='ocrx_word' id='word_1_5' title='bbox 1497 205 1742 260; x_wconf 72' lang='lat' dir='ltr'>delectari</span> <span class='ocrx_word' id='word_1_6' title='bbox 1759 229 1775 259; x_wconf 90' lang='lat'>.·</span> <span class='ocrx_word' id='word_1_7' title='bbox 1854 226 2011 260; x_wconf 75' lang='lat' dir='ltr'><strong>PRAEL.</strong></span> <span class='ocrx_word' id='word_1_8' title='bbox 2038 227 2191 261; x_wconf 72' lang='lat' dir='ltr'>xxm.</span> 
     </span>
    </p>
   </div>
   <div class='ocr_carea' id='block_1_2' title="bbox 385 354 2192 433">
    <p class='ocr_par' dir='ltr' id='par_1_2' title="bbox 385 354 2192 433">
     <span class='ocr_line' id='line_1_2' title="bbox 385 354 2192 433; baseline -0.001 -21"><span class='ocrx_word' id='word_1_9' title='bbox 385 374 529 412; x_wconf 89' lang='lat' dir='ltr'>men</span> <span class='ocrx_word' id='word_1_10' title='bbox 549 363 608 412; x_wconf 74' lang='lat'>¹1¹.</span> <span class='ocrx_word' id='word_1_11' title='bbox 706 354 847 412; x_wconf 89' lang='lat' dir='ltr'>Jam</span> <span class='ocrx_word' id='word_1_12' title='bbox 908 360 1132 412; x_wconf 89' lang='lat' dir='ltr'>norunt</span> <span class='ocrx_word' id='word_1_13' title='bbox 1191 374 1419 423; x_wconf 89' lang='lat' dir='ltr'>omnes,</span> <span class='ocrx_word' id='word_1_14' title='bbox 1471 356 1854 433; x_wconf 85' lang='lat' dir='ltr'>gymnasium</span> <span class='ocrx_word' id='word_1_15' title='bbox 1914 354 2192 412; x_wconf 75' lang='lat' dir='ltr'>extitisse</span> 
     </span>
    </p>
   </div>
   <div class='ocr_carea' id='block_1_3' title="bbox 387 452 1991 530">
    <p class='ocr_par' dir='ltr' id='par_1_3' title="bbox 387 452 1991 530">
     <span class='ocr_line' id='line_1_3' title="bbox 387 452 1991 530; baseline -0.001 -19"><span class='ocrx_word' id='word_1_16' title='bbox 387 454 691 530; x_wconf 81' lang='lat' dir='ltr'>quendam</span> <span class='ocrx_word' id='word_1_17' title='bbox 725 453 894 530; x_wconf 80' lang='lat' dir='ltr'><strong>quasi</strong></span> <span class='ocrx_word' id='word_1_18' title='bbox 925 452 1139 510; x_wconf 89' lang='lat' dir='ltr'>ludum</span> <span class='ocrx_word' id='word_1_19' title='bbox 1170 454 1480 530; x_wconf 88' lang='lat' dir='ltr'>parcitatis</span> <span class='ocrx_word' id='word_1_20' title='bbox 1511 461 1574 512; x_wconf 91' lang='lat' dir='ltr'>et</span> <span class='ocrx_word' id='word_1_21' title='bbox 1605 453 1991 512; x_wconf 66' lang='lat' dir='ltr'>castimoniae.</span> 
     </span>
    </p>
   </div>
   <div class='ocr_carea' id='block_1_4' title="bbox 690 560 1742 681">
    <p class='ocr_par' dir='ltr' id='par_1_4' title="bbox 690 560 1742 681">
     <span class='ocr_line' id='line_1_4' title="bbox 693 560 1742 621; baseline 0.002 -16"><span class='ocrx_word' id='word_1_22' title='bbox 693 561 847 606; x_wconf 84' lang='lat' dir='ltr'>Multa</span> <span class='ocrx_word' id='word_1_23' title='bbox 864 560 970 606; x_wconf 77' lang='lat' dir='ltr'>tulit</span> <span class='ocrx_word' id='word_1_24' title='bbox 990 561 1186 621; x_wconf 86' lang='lat' dir='ltr'>fecitque</span> <span class='ocrx_word' id='word_1_25' title='bbox 1207 576 1334 620; x_wconf 88' lang='lat' dir='ltr'>puer,</span> <span class='ocrx_word' id='word_1_26' title='bbox 1359 560 1540 607; x_wconf 89' lang='lat' dir='ltr'>sudavit</span> <span class='ocrx_word' id='word_1_27' title='bbox 1560 568 1604 607; x_wconf 87' lang='lat' dir='ltr'>et</span> <span class='ocrx_word' id='word_1_28' title='bbox 1624 562 1742 615; x_wconf 84' lang='lat' dir='ltr'>alsit,</span> 
     </span>
     <span class='ocr_line' id='line_1_5' title="bbox 690 635 1340 681; baseline 0 -1"><span class='ocrx_word' id='word_1_29' title='bbox 690 635 930 680; x_wconf 84' lang='lat' dir='ltr'>Abstinuit</span> <span class='ocrx_word' id='word_1_30' title='bbox 952 635 1131 680; x_wconf 86' lang='lat' dir='ltr'>Venere</span> <span class='ocrx_word' id='word_1_31' title='bbox 1152 642 1196 680; x_wconf 86' lang='lat' dir='ltr'>et</span> <span class='ocrx_word' id='word_1_32' title='bbox 1216 635 1340 681; x_wconf 87' lang='lat' dir='ltr'>vino.</span> 
     </span>
    </p>
   </div>
   <div class='ocr_carea' id='block_1_5' title="bbox 378 724 2259 3173">
    <p class='ocr_par' dir='ltr' id='par_1_5' title="bbox 382 724 2259 1692">
     <span class='ocr_line' id='line_1_6' title="bbox 389 724 2194 806; baseline -0.001 -23"><span class='ocrx_word' id='word_1_33' title='bbox 389 724 534 784; x_wconf 88' lang='lat' dir='ltr'>Fuit</span> <span class='ocrx_word' id='word_1_34' title='bbox 579 745 757 803; x_wconf 91' lang='lat' dir='ltr'>porro</span> <span class='ocrx_word' id='word_1_35' title='bbox 802 726 985 794; x_wconf 91' lang='lat' dir='ltr'>idem,</span> <span class='ocrx_word' id='word_1_36' title='bbox 1018 727 1179 803; x_wconf 91' lang='lat' dir='ltr'>quod</span> <span class='ocrx_word' id='word_1_37' title='bbox 1222 746 1402 785; x_wconf 89' lang='lat' dir='ltr'>nemo</span> <span class='ocrx_word' id='word_1_38' title='bbox 1449 727 1778 806; x_wconf 81' lang='lat' dir='ltr'>negaverit,</span> <span class='ocrx_word' id='word_1_39' title='bbox 1822 725 2194 804; x_wconf 87' lang='lat' dir='ltr'>elegantissi-</span> 
     </span>
     <span class='ocr_line' id='line_1_7' title="bbox 385 811 2259 902; baseline -0.001 -20"><span class='ocrx_word' id='word_1_40' title='bbox 385 844 524 883; x_wconf 88' lang='lat' dir='ltr'>mus</span> <span class='ocrx_word' id='word_1_41' title='bbox 554 825 840 883; x_wconf 85' lang='lat' dir='ltr'>humanae</span> <span class='ocrx_word' id='word_1_42' title='bbox 874 825 1033 894; x_wconf 80' lang='lat' dir='ltr'>vitae,</span> <span class='ocrx_word' id='word_1_43' title='bbox 1067 825 1420 885; x_wconf 82' lang='lat' dir='ltr'>domesticae</span> <span class='ocrx_word' id='word_1_44' title='bbox 1456 826 1795 902; x_wconf 78' lang='lat' dir='ltr'>praesertim</span> <span class='ocrx_word' id='word_1_45' title='bbox 1831 845 1902 883; x_wconf 90' lang='lat' dir='ltr'>ac</span> <span class='ocrx_word' id='word_1_46' title='bbox 1941 823 2194 882; x_wconf 87' lang='lat' dir='ltr'>familia·</span> <span class='ocrx_word' id='word_1_47' title='bbox 2255 811 2259 814; x_wconf 36' lang='lat'>¹</span> 
     </span>
     <span class='ocr_line' id='line_1_8' title="bbox 385 921 2193 1003; baseline -0.001 -22"><span class='ocrx_word' id='word_1_48' title='bbox 385 924 482 990; x_wconf 81' lang='lat' dir='ltr'>riS‚</span> <span class='ocrx_word' id='word_1_49' title='bbox 508 930 828 1000; x_wconf 86' lang='lat' dir='ltr'>spectator.</span> <span class='ocrx_word' id='word_1_50' title='bbox 904 923 946 982; x_wconf 86' lang='lat' dir='ltr'><strong>J</strong></span> <span class='ocrx_word' id='word_1_51' title='bbox 948 942 1067 993; x_wconf 92' lang='lat' dir='ltr'>am,</span> <span class='ocrx_word' id='word_1_52' title='bbox 1090 925 1196 1001; x_wconf 91' lang='lat' dir='ltr'>qui</span> <span class='ocrx_word' id='word_1_53' title='bbox 1221 924 1335 983; x_wconf 89' lang='lat' dir='ltr'>hac</span> <span class='ocrx_word' id='word_1_54' title='bbox 1366 924 1682 1003; x_wconf 85' lang='lat' dir='ltr'>diligentia</span> <span class='ocrx_word' id='word_1_55' title='bbox 1711 923 2022 982; x_wconf 90' lang='lat' dir='ltr'>cumulare</span> <span class='ocrx_word' id='word_1_56' title='bbox 2044 921 2193 980; x_wconf 82' lang='lat' dir='ltr'>velit</span> 
     </span>
     <span class='ocr_line' id='line_1_9' title="bbox 385 1021 2189 1101; baseline -0.002 -21"><span class='ocrx_word' id='word_1_57' title='bbox 385 1021 551 1080; x_wconf 87' lang='lat' dir='ltr'>illam</span> <span class='ocrx_word' id='word_1_58' title='bbox 578 1021 1041 1099; x_wconf 79' lang='lat' dir='ltr'>philosophiam,</span> <span class='ocrx_word' id='word_1_59' title='bbox 1060 1023 1282 1080; x_wconf 88' lang='lat' dir='ltr'>mirum</span> <span class='ocrx_word' id='word_1_60' title='bbox 1312 1023 1376 1081; x_wconf 86' lang='lat' dir='ltr'>ni</span> <span class='ocrx_word' id='word_1_61' title='bbox 1406 1023 1466 1088; x_wconf 68' lang='lat' dir='ltr'>is,</span> <span class='ocrx_word' id='word_1_62' title='bbox 1487 1023 1734 1101; x_wconf 82' lang='lat' dir='ltr'>rigidior</span> <span class='ocrx_word' id='word_1_63' title='bbox 1763 1022 1967 1099; x_wconf 90' lang='lat' dir='ltr'>paullo</span> <span class='ocrx_word' id='word_1_64' title='bbox 1996 1021 2189 1078; x_wconf 89' lang='lat' dir='ltr'>homi-</span> 
     </span>
     <span class='ocr_line' id='line_1_10' title="bbox 385 1119 2192 1198; baseline -0.001 -20"><span class='ocrx_word' id='word_1_65' title='bbox 385 1140 534 1178; x_wconf 90' lang='lat' dir='ltr'>num</span> <span class='ocrx_word' id='word_1_66' title='bbox 566 1121 828 1198; x_wconf 87' lang='lat' dir='ltr'>vitaeque</span> <span class='ocrx_word' id='word_1_67' title='bbox 859 1141 1072 1180; x_wconf 87' lang='lat' dir='ltr'>censor</span> <span class='ocrx_word' id='word_1_68' title='bbox 1101 1122 1336 1180; x_wconf 84' lang='lat' dir='ltr'>evadat.</span> <span class='ocrx_word' id='word_1_69' title='bbox 1431 1121 1611 1180; x_wconf 90' lang='lat' dir='ltr'>Hanc</span> <span class='ocrx_word' id='word_1_70' title='bbox 1652 1122 2060 1188; x_wconf 85' lang='lat' dir='ltr'>severitatem,</span> <span class='ocrx_word' id='word_1_71' title='bbox 2091 1119 2192 1196; x_wconf 92' lang='lat' dir='ltr'>qui</span> 
     </span>
     <span class='ocr_line' id='line_1_11' title="bbox 383 1219 2191 1298; baseline -0.001 -21"><span class='ocrx_word' id='word_1_72' title='bbox 383 1225 529 1278; x_wconf 90' lang='lat' dir='ltr'>sunt</span> <span class='ocrx_word' id='word_1_73' title='bbox 559 1219 831 1277; x_wconf 81' lang='lat' dir='ltr'>acutiore</span> <span class='ocrx_word' id='word_1_74' title='bbox 864 1220 1114 1296; x_wconf 88' lang='lat' dir='ltr'>judicio,</span> <span class='ocrx_word' id='word_1_75' title='bbox 1145 1220 1427 1298; x_wconf 88' lang='lat' dir='ltr'>mitigare</span> <span class='ocrx_word' id='word_1_76' title='bbox 1458 1219 1656 1278; x_wconf 87' lang='lat' dir='ltr'>solent</span> <span class='ocrx_word' id='word_1_77' title='bbox 1694 1219 1885 1277; x_wconf 87' lang='lat' dir='ltr'>ironia</span> <span class='ocrx_word' id='word_1_78' title='bbox 1913 1219 2191 1295; x_wconf 89' lang='lat' dir='ltr'>quadam,</span> 
     </span>
     <span class='ocr_line' id='line_1_12' title="bbox 382 1317 2192 1395; baseline -0.001 -20"><span class='ocrx_word' id='word_1_79' title='bbox 382 1318 556 1395; x_wconf 88' lang='lat' dir='ltr'>cujus</span> <span class='ocrx_word' id='word_1_80' title='bbox 608 1318 947 1376; x_wconf 80' lang='lat' dir='ltr'>innumerae</span> <span class='ocrx_word' id='word_1_81' title='bbox 995 1325 1137 1376; x_wconf 90' lang='lat' dir='ltr'>sunt</span> <span class='ocrx_word' id='word_1_82' title='bbox 1190 1318 1414 1385; x_wconf 80' lang='lat' dir='ltr'>formae,</span> <span class='ocrx_word' id='word_1_83' title='bbox 1446 1318 1791 1395; x_wconf 89' lang='lat' dir='ltr'>mirumque</span> <span class='ocrx_word' id='word_1_84' title='bbox 1834 1318 1898 1375; x_wconf 90' lang='lat' dir='ltr'>in</span> <span class='ocrx_word' id='word_1_85' title='bbox 1942 1317 2192 1375; x_wconf 89' lang='lat' dir='ltr'>modum</span> 
     </span>
     <span class='ocr_line' id='line_1_13' title="bbox 384 1417 2192 1494; baseline -0.001 -20"><span class='ocrx_word' id='word_1_86' title='bbox 384 1417 544 1475; x_wconf 86' lang='lat' dir='ltr'>inter</span> <span class='ocrx_word' id='word_1_87' title='bbox 590 1436 656 1475; x_wconf 89' lang='lat' dir='ltr'>se</span> <span class='ocrx_word' id='word_1_88' title='bbox 703 1417 1060 1475; x_wconf 83' lang='lat' dir='ltr'>dissimiles:</span> <span class='ocrx_word' id='word_1_89' title='bbox 1114 1437 1368 1494; x_wconf 90' lang='lat' dir='ltr'>quarum</span> <span class='ocrx_word' id='word_1_90' title='bbox 1422 1418 1486 1475; x_wconf 91' lang='lat' dir='ltr'>in</span> <span class='ocrx_word' id='word_1_91' title='bbox 1534 1436 1787 1475; x_wconf 89' lang='lat' dir='ltr'>numero</span> <span class='ocrx_word' id='word_1_92' title='bbox 1833 1417 1978 1493; x_wconf 87' lang='lat' dir='ltr'>quid</span> <span class='ocrx_word' id='word_1_93' title='bbox 2024 1421 2192 1474; x_wconf 87' lang='lat' dir='ltr'>vetat</span> 
     </span>
     <span class='ocr_line' id='line_1_14' title="bbox 383 1513 2192 1594; baseline -0.001 -20"><span class='ocrx_word' id='word_1_94' title='bbox 383 1515 594 1575; x_wconf 86' lang='lat' dir='ltr'>haberi</span> <span class='ocrx_word' id='word_1_95' title='bbox 625 1515 820 1592; x_wconf 86' lang='lat' dir='ltr'>siquid</span> <span class='ocrx_word' id='word_1_96' title='bbox 851 1515 1209 1576; x_wconf 88' lang='lat' dir='ltr'>insolentius</span> <span class='ocrx_word' id='word_1_97' title='bbox 1245 1517 1309 1574; x_wconf 88' lang='lat' dir='ltr'>in</span> <span class='ocrx_word' id='word_1_98' title='bbox 1350 1517 1627 1575; x_wconf 86' lang='lat' dir='ltr'>foeminas</span> <span class='ocrx_word' id='word_1_99' title='bbox 1661 1515 1987 1594; x_wconf 88' lang='lat' dir='ltr'>jactaverit</span> <span class='ocrx_word' id='word_1_100' title='bbox 2019 1513 2192 1573; x_wconf 89' lang='lat' dir='ltr'>Euri-</span> 
     </span>
     <span class='ocr_line' id='line_1_15' title="bbox 382 1614 600 1692; baseline 0.009 -21"><span class='ocrx_word' id='word_1_101' title='bbox 382 1615 555 1692; x_wconf 91' lang='lat' dir='ltr'>pides</span> <span class='ocrx_word' id='word_1_102' title='bbox 578 1614 600 1673; x_wconf 68' lang='lat'>3</span> 
     </span>
    </p>

    <p class='ocr_par' dir='ltr' id='par_1_6' title="bbox 378 1711 2210 3173">
     <span class='ocr_line' id='line_1_16' title="bbox 479 1711 2193 1790; baseline -0.001 -18"><span class='ocrx_word' id='word_1_103' title='bbox 479 1712 603 1772; x_wconf 85' lang='lat' dir='ltr'>Sed</span> <span class='ocrx_word' id='word_1_104' title='bbox 645 1719 873 1790; x_wconf 79' lang='lat' dir='ltr'>quaerat</span> <span class='ocrx_word' id='word_1_105' title='bbox 917 1712 1150 1790; x_wconf 79' lang='lat' dir='ltr'>aliquiS,</span> <span class='ocrx_word' id='word_1_106' title='bbox 1197 1732 1452 1790; x_wconf 88' lang='lat' dir='ltr'>ecquam</span> <span class='ocrx_word' id='word_1_107' title='bbox 1505 1712 1755 1771; x_wconf 87' lang='lat' dir='ltr'>tandem</span> <span class='ocrx_word' id='word_1_108' title='bbox 1806 1711 2193 1790; x_wconf 89' lang='lat' dir='ltr'>significatio-</span> 
     </span>
     <span class='ocr_line' id='line_1_17' title="bbox 381 1810 2192 1890; baseline 0 -20"><span class='ocrx_word' id='word_1_109' title='bbox 381 1831 525 1890; x_wconf 85' lang='lat' dir='ltr'>nem</span> <span class='ocrx_word' id='word_1_110' title='bbox 560 1812 690 1889; x_wconf 89' lang='lat' dir='ltr'>ipse</span> <span class='ocrx_word' id='word_1_111' title='bbox 720 1812 977 1882; x_wconf 88' lang='lat' dir='ltr'>dederit,</span> <span class='ocrx_word' id='word_1_112' title='bbox 1008 1811 1319 1871; x_wconf 86' lang='lat' dir='ltr'>volentem</span> <span class='ocrx_word' id='word_1_113' title='bbox 1350 1831 1415 1870; x_wconf 92' lang='lat' dir='ltr'>se</span> <span class='ocrx_word' id='word_1_114' title='bbox 1452 1811 1581 1870; x_wconf 88' lang='lat' dir='ltr'>fore</span> <span class='ocrx_word' id='word_1_115' title='bbox 1617 1810 1907 1870; x_wconf 90' lang='lat' dir='ltr'>asseclam</span> <span class='ocrx_word' id='word_1_116' title='bbox 1939 1810 2192 1870; x_wconf 86' lang='lat' dir='ltr'>durioris</span> 
     </span>
     <span class='ocr_line' id='line_1_18' title="bbox 381 1908 2193 1995; baseline -0.001 -25"><span class='ocrx_word' id='word_1_117' title='bbox 381 1910 733 1988; x_wconf 77' lang='lat' dir='ltr'>disciplinae,</span> <span class='ocrx_word' id='word_1_118' title='bbox 771 1910 1049 1988; x_wconf 81' lang='lat' dir='ltr'>vitaeque,</span> <span class='ocrx_word' id='word_1_119' title='bbox 1094 1930 1280 1988; x_wconf 87' lang='lat' dir='ltr'>quam</span> <span class='ocrx_word' id='word_1_120' title='bbox 1325 1929 1535 1969; x_wconf 85' lang='lat' dir='ltr'>recens</span> <span class='ocrx_word' id='word_1_121' title='bbox 1583 1910 1825 1995; x_wconf 82' lang='lat' dir='ltr'>vocavit</span> <span class='ocrx_word' id='word_1_122' title='bbox 1871 1916 2032 1979; x_wconf 79' lang='lat' dir='ltr'>aetas,</span> <span class='ocrx_word' id='word_1_123' title='bbox 2075 1908 2193 1969; x_wconf 89' lang='lat' dir='ltr'>As-</span> 
     </span>
     <span class='ocr_line' id='line_1_19' title="bbox 380 2008 2191 2086; baseline -0.001 -17"><span class='ocrx_word' id='word_1_124' title='bbox 380 2009 635 2069; x_wconf 73' lang='lat' dir='ltr'>ceticae?</span> <span class='ocrx_word' id='word_1_125' title='bbox 712 2008 921 2079; x_wconf 90' lang='lat' dir='ltr'>Dedit,</span> <span class='ocrx_word' id='word_1_126' title='bbox 954 2017 1018 2068; x_wconf 92' lang='lat' dir='ltr'>et</span> <span class='ocrx_word' id='word_1_127' title='bbox 1047 2009 1418 2068; x_wconf 88' lang='lat' dir='ltr'>uberrimam</span> <span class='ocrx_word' id='word_1_128' title='bbox 1445 2010 1732 2086; x_wconf 82' lang='lat' dir='ltr'>-quidem3</span> <span class='ocrx_word' id='word_1_129' title='bbox 1782 2010 1831 2067; x_wconf 90' lang='lat' dir='ltr'>si</span> <span class='ocrx_word' id='word_1_130' title='bbox 1871 2009 2054 2067; x_wconf 89' lang='lat' dir='ltr'>modo</span> <span class='ocrx_word' id='word_1_131' title='bbox 2083 2028 2191 2068; x_wconf 87' lang='lat' dir='ltr'>nos</span> 
     </span>
     <span class='ocr_line' id='line_1_20' title="bbox 379 2107 2192 2187; baseline 0 -20"><span class='ocrx_word' id='word_1_132' title='bbox 379 2128 417 2167; x_wconf 89' lang='lat' dir='ltr'>a</span> <span class='ocrx_word' id='word_1_133' title='bbox 453 2108 513 2166; x_wconf 87' lang='lat' dir='ltr'>vi</span> <span class='ocrx_word' id='word_1_134' title='bbox 556 2115 742 2186; x_wconf 90' lang='lat' dir='ltr'>atque</span> <span class='ocrx_word' id='word_1_135' title='bbox 787 2107 993 2167; x_wconf 89' lang='lat' dir='ltr'>indole</span> <span class='ocrx_word' id='word_1_136' title='bbox 1031 2109 1161 2185; x_wconf 90' lang='lat' dir='ltr'>ejus</span> <span class='ocrx_word' id='word_1_137' title='bbox 1198 2108 1523 2187; x_wconf 90' lang='lat' dir='ltr'>Hippolyti</span> <span class='ocrx_word' id='word_1_138' title='bbox 1567 2128 1690 2167; x_wconf 89' lang='lat' dir='ltr'>non</span> <span class='ocrx_word' id='word_1_139' title='bbox 1733 2108 1912 2185; x_wconf 88' lang='lat' dir='ltr'>plane</span> <span class='ocrx_word' id='word_1_140' title='bbox 1955 2108 2192 2168; x_wconf 56' lang='lat' dir='ltr'>aberrae</span> 
     </span>
     <span class='ocr_line' id='line_1_21' title="bbox 380 2206 2192 2284; baseline 0.001 -20"><span class='ocrx_word' id='word_1_141' title='bbox 380 2225 535 2265; x_wconf 89' lang='lat' dir='ltr'>mus.</span> <span class='ocrx_word' id='word_1_142' title='bbox 627 2206 815 2266; x_wconf 89' lang='lat' dir='ltr'>Hunc</span> <span class='ocrx_word' id='word_1_143' title='bbox 862 2209 1091 2266; x_wconf 87' lang='lat' dir='ltr'>eximio</span> <span class='ocrx_word' id='word_1_144' title='bbox 1134 2209 1400 2284; x_wconf 89' lang='lat' dir='ltr'>quodam</span> <span class='ocrx_word' id='word_1_145' title='bbox 1452 2227 1676 2275; x_wconf 89' lang='lat' dir='ltr'>amore,</span> <span class='ocrx_word' id='word_1_146' title='bbox 1723 2208 1786 2265; x_wconf 93' lang='lat' dir='ltr'>ni</span> <span class='ocrx_word' id='word_1_147' title='bbox 1826 2206 2020 2276; x_wconf 88' lang='lat' dir='ltr'>fallor,</span> <span class='ocrx_word' id='word_1_148' title='bbox 2057 2226 2192 2284; x_wconf 91' lang='lat' dir='ltr'>pro-</span> 
     </span>
     <span class='ocr_line' id='line_1_22' title="bbox 380 2305 2210 2384; baseline 0.001 -21"><span class='ocrx_word' id='word_1_149' title='bbox 380 2307 657 2383; x_wconf 87' lang='lat' dir='ltr'>sequitur</span> <span class='ocrx_word' id='word_1_150' title='bbox 689 2305 1044 2383; x_wconf 88' lang='lat' dir='ltr'>Euripides:</span> <span class='ocrx_word' id='word_1_151' title='bbox 1090 2306 1293 2384; x_wconf 88' lang='lat' dir='ltr'>placet</span> <span class='ocrx_word' id='word_1_152' title='bbox 1323 2307 1436 2365; x_wconf 90' lang='lat' dir='ltr'>sibi</span> <span class='ocrx_word' id='word_1_153' title='bbox 1467 2306 1531 2364; x_wconf 90' lang='lat' dir='ltr'>in</span> <span class='ocrx_word' id='word_1_154' title='bbox 1559 2306 1690 2383; x_wconf 89' lang='lat' dir='ltr'>ejus</span> <span class='ocrx_word' id='word_1_155' title='bbox 1719 2325 1991 2384; x_wconf 86' lang='lat' dir='ltr'>persona,</span> <span class='ocrx_word' id='word_1_156' title='bbox 2023 2305 2210 2364; x_wconf 88' lang='lat' dir='ltr'>velut</span> 
     </span>
     <span class='ocr_line' id='line_1_23' title="bbox 382 2402 2188 2482; baseline 0.001 -22"><span class='ocrx_word' id='word_1_157' title='bbox 382 2403 447 2460; x_wconf 89' lang='lat' dir='ltr'>in</span> <span class='ocrx_word' id='word_1_158' title='bbox 490 2402 739 2463; x_wconf 92' lang='lat' dir='ltr'>Achille</span> <span class='ocrx_word' id='word_1_159' title='bbox 786 2403 1114 2473; x_wconf 88' lang='lat' dir='ltr'>Homerus,</span> <span class='ocrx_word' id='word_1_160' title='bbox 1167 2411 1275 2463; x_wconf 90' lang='lat' dir='ltr'>aut</span> <span class='ocrx_word' id='word_1_161' title='bbox 1334 2405 1397 2462; x_wconf 91' lang='lat' dir='ltr'>in</span> <span class='ocrx_word' id='word_1_162' title='bbox 1450 2403 1698 2465; x_wconf 86' lang='lat' dir='ltr'>Venere</span> <span class='ocrx_word' id='word_1_163' title='bbox 1758 2423 1868 2462; x_wconf 89' lang='lat' dir='ltr'>sua</span> <span class='ocrx_word' id='word_1_164' title='bbox 1918 2402 2188 2482; x_wconf 67' lang='lat' dir='ltr'>Apelles</span> 
     </span>
     <span class='ocr_line' id='line_1_24' title="bbox 384 2499 2190 2580; baseline 0.001 -22"><span class='ocrx_word' id='word_1_165' title='bbox 384 2499 551 2559; x_wconf 90' lang='lat' dir='ltr'>Nam</span> <span class='ocrx_word' id='word_1_166' title='bbox 597 2509 668 2560; x_wconf 90' lang='lat' dir='ltr'>ut</span> <span class='ocrx_word' id='word_1_167' title='bbox 713 2503 994 2580; x_wconf 85' lang='lat' dir='ltr'>pictores,</span> <span class='ocrx_word' id='word_1_168' title='bbox 1033 2504 1122 2562; x_wconf 88' lang='lat' dir='ltr'>ita</span> <span class='ocrx_word' id='word_1_169' title='bbox 1166 2502 1374 2562; x_wconf 82' lang='lat' dir='ltr'>Poetae</span> <span class='ocrx_word' id='word_1_170' title='bbox 1415 2503 1511 2562; x_wconf 88' lang='lat' dir='ltr'>vel</span> <span class='ocrx_word' id='word_1_171' title='bbox 1550 2503 1721 2562; x_wconf 90' lang='lat' dir='ltr'>inscii</span> <span class='ocrx_word' id='word_1_172' title='bbox 1766 2501 2002 2561; x_wconf 90' lang='lat' dir='ltr'>facilius</span> <span class='ocrx_word' id='word_1_173' title='bbox 2042 2522 2190 2579; x_wconf 91' lang='lat' dir='ltr'>quo-</span> 
     </span>
     <span class='ocr_line' id='line_1_25' title="bbox 380 2601 2189 2679; baseline 0 -20"><span class='ocrx_word' id='word_1_174' title='bbox 380 2601 708 2660; x_wconf 89' lang='lat' dir='ltr'>dammodo</span> <span class='ocrx_word' id='word_1_175' title='bbox 736 2601 885 2678; x_wconf 88' lang='lat' dir='ltr'>quid</span> <span class='ocrx_word' id='word_1_176' title='bbox 918 2601 1111 2659; x_wconf 84' lang='lat' dir='ltr'>velint</span> <span class='ocrx_word' id='word_1_177' title='bbox 1158 2602 1509 2679; x_wconf 82' lang='lat' dir='ltr'>expediunt,</span> <span class='ocrx_word' id='word_1_178' title='bbox 1549 2621 1689 2660; x_wconf 93' lang='lat' dir='ltr'>cum</span> <span class='ocrx_word' id='word_1_179' title='bbox 1731 2621 1832 2661; x_wconf 85' lang='lat' dir='ltr'>eas</span> <span class='ocrx_word' id='word_1_180' title='bbox 1875 2602 2189 2679; x_wconf 88' lang='lat' dir='ltr'>attigerint</span> 
     </span>
     <span class='ocr_line' id='line_1_26' title="bbox 380 2700 2186 2778; baseline 0 -19"><span class='ocrx_word' id='word_1_181' title='bbox 380 2707 583 2778; x_wconf 83' lang='lat' dir='ltr'>partes</span> <span class='ocrx_word' id='word_1_182' title='bbox 630 2701 829 2778; x_wconf 88' lang='lat' dir='ltr'>operis</span> <span class='ocrx_word' id='word_1_183' title='bbox 870 2700 981 2770; x_wconf 86' lang='lat' dir='ltr'>sui,</span> <span class='ocrx_word' id='word_1_184' title='bbox 1018 2720 1171 2778; x_wconf 87' lang='lat' dir='ltr'>quas</span> <span class='ocrx_word' id='word_1_185' title='bbox 1216 2701 1330 2778; x_wconf 90' lang='lat' dir='ltr'>ipsi</span> <span class='ocrx_word' id='word_1_186' title='bbox 1374 2702 1438 2758; x_wconf 90' lang='lat' dir='ltr'>in</span> <span class='ocrx_word' id='word_1_187' title='bbox 1483 2700 1714 2759; x_wconf 88' lang='lat' dir='ltr'>deliciis</span> <span class='ocrx_word' id='word_1_188' title='bbox 1757 2700 2018 2758; x_wconf 84' lang='lat' dir='ltr'>habent:</span> <span class='ocrx_word' id='word_1_189' title='bbox 2065 2700 2186 2759; x_wconf 84' lang='lat' dir='ltr'>fru-</span> 
     </span>
     <span class='ocr_line' id='line_1_27' title="bbox 380 2787 2188 2878; baseline 0.001 -21"><span class='ocrx_word' id='word_1_190' title='bbox 380 2806 569 2858; x_wconf 85' lang='lat' dir='ltr'>untur</span> <span class='ocrx_word' id='word_1_191' title='bbox 599 2787 774 2858; x_wconf 86' lang='lat' dir='ltr'>illico</span> <span class='ocrx_word' id='word_1_192' title='bbox 794 2807 967 2859; x_wconf 84' lang='lat' dir='ltr'>tactu</span> <span class='ocrx_word' id='word_1_193' title='bbox 997 2801 1190 2878; x_wconf 89' lang='lat' dir='ltr'>magis</span> <span class='ocrx_word' id='word_1_194' title='bbox 1221 2799 1467 2870; x_wconf 88' lang='lat' dir='ltr'>subtili;</span> <span class='ocrx_word' id='word_1_195' title='bbox 1515 2819 1764 2858; x_wconf 89' lang='lat' dir='ltr'>manum</span> <span class='ocrx_word' id='word_1_196' title='bbox 1797 2798 2051 2868; x_wconf 77' lang='lat' dir='ltr'>feliciuS,</span> <span class='ocrx_word' id='word_1_197' title='bbox 2081 2818 2188 2876; x_wconf 88' lang='lat' dir='ltr'>pro</span> 
     </span>
     <span class='ocr_line' id='line_1_28' title="bbox 379 2897 2188 2968; baseline 0.002 -14"><span class='ocrx_word' id='word_1_198' title='bbox 379 2916 446 2955; x_wconf 91' lang='lat' dir='ltr'>re</span> <span class='ocrx_word' id='word_1_199' title='bbox 491 2905 655 2968; x_wconf 90' lang='lat' dir='ltr'>nata,</span> <span class='ocrx_word' id='word_1_200' title='bbox 700 2918 810 2957; x_wconf 90' lang='lat' dir='ltr'>seu</span> <span class='ocrx_word' id='word_1_201' title='bbox 863 2898 1151 2957; x_wconf 89' lang='lat' dir='ltr'>cohibent</span> <span class='ocrx_word' id='word_1_202' title='bbox 1203 2898 1330 2957; x_wconf 86' lang='lat' dir='ltr'>sive</span> <span class='ocrx_word' id='word_1_203' title='bbox 1381 2898 1692 2957; x_wconf 87' lang='lat' dir='ltr'>adhibent.</span> <span class='ocrx_word' id='word_1_204' title='bbox 1780 2897 2188 2957; x_wconf 82' lang='lat' dir='ltr'>Consideretis</span> 
     </span>
     <span class='ocr_line' id='line_1_29' title="bbox 380 2994 2187 3074; baseline -0.001 -21"><span class='ocrx_word' id='word_1_205' title='bbox 380 2996 566 3054; x_wconf 89' lang='lat' dir='ltr'>velim</span> <span class='ocrx_word' id='word_1_206' title='bbox 618 3016 696 3055; x_wconf 92' lang='lat' dir='ltr'>an</span> <span class='ocrx_word' id='word_1_207' title='bbox 749 2996 874 3056; x_wconf 89' lang='lat' dir='ltr'>tale</span> <span class='ocrx_word' id='word_1_208' title='bbox 922 2996 1155 3074; x_wconf 86' lang='lat' dir='ltr'>aliquid</span> <span class='ocrx_word' id='word_1_209' title='bbox 1202 2996 1427 3055; x_wconf 87' lang='lat' dir='ltr'>habeat</span> <span class='ocrx_word' id='word_1_210' title='bbox 1474 2997 1704 3074; x_wconf 88' lang='lat' dir='ltr'>primus</span> <span class='ocrx_word' id='word_1_211' title='bbox 1751 2994 2073 3074; x_wconf 91' lang='lat' dir='ltr'>Hippolyti</span> <span class='ocrx_word' id='word_1_212' title='bbox 2125 2995 2187 3052; x_wconf 91' lang='lat' dir='ltr'>in</span> 
     </span>
     <span class='ocr_line' id='line_1_30' title="bbox 378 3093 2100 3173; baseline 0 -21"><span class='ocrx_word' id='word_1_213' title='bbox 378 3112 624 3152; x_wconf 87' lang='lat' dir='ltr'>scenam</span> <span class='ocrx_word' id='word_1_214' title='bbox 655 3094 959 3164; x_wconf 88' lang='lat' dir='ltr'>intro-itus,</span> <span class='ocrx_word' id='word_1_215' title='bbox 985 3102 1049 3153; x_wconf 91' lang='lat' dir='ltr'>et</span> <span class='ocrx_word' id='word_1_216' title='bbox 1079 3095 1415 3153; x_wconf 87' lang='lat' dir='ltr'>castissima</span> <span class='ocrx_word' id='word_1_217' title='bbox 1442 3094 1547 3153; x_wconf 93' lang='lat' dir='ltr'>illa</span> <span class='ocrx_word' id='word_1_218' title='bbox 1578 3094 1790 3154; x_wconf 76' lang='lat' dir='ltr'>Dianae</span> <span class='ocrx_word' id='word_1_219' title='bbox 1821 3093 2033 3173; x_wconf 89' lang='lat' dir='ltr'>religio</span> <span class='ocrx_word' id='word_1_220' title='bbox 2055 3102 2100 3152; x_wconf 81' lang='lat'>¹¹.</span> 
     </span>
    </p>
   </div>
   <div class='ocr_carea' id='block_1_6' title="bbox 680 3195 1680 3623">
    <p class='ocr_par' dir='ltr' id='par_1_7' title="bbox 680 3195 1680 3550">
     <span class='ocr_line' id='line_1_31' title="bbox 682 3195 1680 3256; baseline 0 -15"><span class='ocrx_word' id='word_1_221' title='bbox 682 3197 762 3242; x_wconf 83' lang='grc' dir='ltr'>σοὶ</span> <span class='ocrx_word' id='word_1_222' title='bbox 782 3197 910 3242; x_wconf 83' lang='grc' dir='ltr'>τόνδε</span> <span class='ocrx_word' id='word_1_223' title='bbox 930 3198 1124 3243; x_wconf 80' lang='grc' dir='ltr'>πλεκτὸν</span> <span class='ocrx_word' id='word_1_224' title='bbox 1142 3196 1371 3256; x_wconf 76' lang='grc' dir='ltr'>στέφανον</span> <span class='ocrx_word' id='word_1_225' title='bbox 1391 3197 1443 3256; x_wconf 81' lang='grc' dir='ltr'>ἐξ</span> <span class='ocrx_word' id='word_1_226' title='bbox 1463 3195 1680 3256; x_wconf 79' lang='grc' dir='ltr'>ἀκηράτου</span> 
     </span>
     <span class='ocr_line' id='line_1_32' title="bbox 681 3269 1641 3330; baseline 0.001 -16"><span class='ocrx_word' id='word_1_227' title='bbox 681 3272 912 3328; x_wconf 79' lang='grc' dir='ltr'>λειμῶνος,</span> <span class='ocrx_word' id='word_1_228' title='bbox 936 3270 970 3315; x_wconf 76' lang='grc' dir='ltr'><strong>ὦ</strong></span> <span class='ocrx_word' id='word_1_229' title='bbox 993 3269 1220 3324; x_wconf 80' lang='grc' dir='ltr'>δέσποινα,</span> <span class='ocrx_word' id='word_1_230' title='bbox 1243 3269 1477 3329; x_wconf 78' lang='grc' dir='ltr'>κοσμήσας</span> <span class='ocrx_word' id='word_1_231' title='bbox 1498 3269 1641 3330; x_wconf 82' lang='grc' dir='ltr'>φέρω,</span> 
     </span>
     <span class='ocr_line' id='line_1_33' title="bbox 682 3341 1577 3404; baseline 0.002 -18"><span class='ocrx_word' id='word_1_232' title='bbox 682 3341 771 3389; x_wconf 81' lang='grc' dir='ltr'>ἕνθ’</span> <span class='ocrx_word' id='word_1_233' title='bbox 794 3345 896 3388; x_wconf 77' lang='grc' dir='ltr'>οὔτε</span> <span class='ocrx_word' id='word_1_234' title='bbox 915 3343 1079 3401; x_wconf 81' lang='grc' dir='ltr'>ποίμην</span> <span class='ocrx_word' id='word_1_235' title='bbox 1098 3343 1217 3402; x_wconf 77' lang='grc' dir='ltr'>ἀξιοῖ</span> <span class='ocrx_word' id='word_1_236' title='bbox 1237 3343 1428 3404; x_wconf 79' lang='grc' dir='ltr'>φέρβειν</span> <span class='ocrx_word' id='word_1_237' title='bbox 1446 3344 1577 3398; x_wconf 81' lang='grc' dir='ltr'>βοτὰ,</span> 
     </span>
     <span class='ocr_line' id='line_1_34' title="bbox 680 3414 1581 3477; baseline 0.004 -18"><span class='ocrx_word' id='word_1_238' title='bbox 680 3414 773 3460; x_wconf 79' lang='grc' dir='ltr'><strong>οὐδ’</strong></span> <span class='ocrx_word' id='word_1_239' title='bbox 795 3414 904 3472; x_wconf 80' lang='grc' dir='ltr'>ἦλθέ</span> <span class='ocrx_word' id='word_1_240' title='bbox 925 3434 994 3462; x_wconf 86' lang='grc' dir='ltr'>πω</span> <span class='ocrx_word' id='word_1_241' title='bbox 1017 3417 1216 3476; x_wconf 83' lang='grc' dir='ltr'>σίδηρος,</span> <span class='ocrx_word' id='word_1_242' title='bbox 1238 3416 1340 3462; x_wconf 82' lang='grc' dir='ltr'>ἀλλ’</span> <span class='ocrx_word' id='word_1_243' title='bbox 1363 3416 1581 3477; x_wconf 83' lang='grc' dir='ltr'>ἀκήρατον</span> 
     </span>
     <span class='ocr_line' id='line_1_35' title="bbox 681 3487 1505 3550; baseline 0.002 -17"><span class='ocrx_word' id='word_1_244' title='bbox 681 3487 883 3546; x_wconf 78' lang='grc' dir='ltr'>μέλισσα</span> <span class='ocrx_word' id='word_1_245' title='bbox 903 3489 1078 3547; x_wconf 81' lang='grc' dir='ltr'>λειμῶν’</span> <span class='ocrx_word' id='word_1_246' title='bbox 1100 3489 1248 3549; x_wconf 85' lang='grc' dir='ltr'>ἦρινὸν</span> <span class='ocrx_word' id='word_1_247' title='bbox 1270 3490 1505 3550; x_wconf 84' lang='grc' dir='ltr'>διέρχεται,</span> 
     </span>
    </p>

    <p class='ocr_par' dir='ltr' id='par_1_8' title="bbox 681 3560 1527 3623">
     <span class='ocr_line' id='line_1_36' title="bbox 681 3560 1527 3623; baseline 0.005 -18"><span class='ocrx_word' id='word_1_248' title='bbox 681 3560 763 3609; x_wconf 79' lang='grc' dir='ltr'>ἕως</span> <span class='ocrx_word' id='word_1_249' title='bbox 783 3562 831 3607; x_wconf 78' lang='grc' dir='ltr'>δὲ</span> <span class='ocrx_word' id='word_1_250' title='bbox 852 3563 1113 3620; x_wconf 85' lang='grc' dir='ltr'>ποταμίαισι</span> <span class='ocrx_word' id='word_1_251' title='bbox 1135 3563 1310 3621; x_wconf 80' lang='grc' dir='ltr'>κηπεύει</span> <span class='ocrx_word' id='word_1_252' title='bbox 1332 3565 1527 3623; x_wconf 78' lang='grc' dir='ltr'>δρόσοις.</span> 
     </span>
    </p>
   </div>
   <div class='ocr_carea' id='block_1_7' title="bbox 558 3664 2001 3726">
    <p class='ocr_par' dir='ltr' id='par_1_9' title="bbox 558 3664 2001 3726">
     <span class='ocr_line' id='line_1_37' title="bbox 558 3664 2001 3726; baseline 0.001 -17"><span class='ocrx_word' id='word_1_253' title='bbox 558 3670 599 3694; x_wconf 79' lang='lat'>¹¹²</span> <span class='ocrx_word' id='word_1_254' title='bbox 622 3664 774 3711; x_wconf 75' lang='lat' dir='ltr'><em>Phoen.</em></span> <span class='ocrx_word' id='word_1_255' title='bbox 803 3678 917 3724; x_wconf 82' lang='lat'><strong>1392</strong></span> <span class='ocrx_word' id='word_1_256' title='bbox 941 3665 1024 3711; x_wconf 83' lang='lat' dir='ltr'>&amp;c.</span> <span class='ocrx_word' id='word_1_257' title='bbox 1714 3675 1742 3698; x_wconf 81' lang='lat'>1¹</span> <span class='ocrx_word' id='word_1_258' title='bbox 1765 3667 1904 3726; x_wconf 80' lang='lat' dir='ltr'>Hipp.</span> <span class='ocrx_word' id='word_1_259' title='bbox 1930 3678 2001 3725; x_wconf 86' lang='lat'>73.</span> 
     </span>
    </p>
   </div>
  </div>
 </body>
</html>
