2288 4036
146 295 482 334 PRAEL.xxx11.
527 277 748 330 Poetioae
761 278 1027 347 propiores
1051 275 1297 347 Epicurei
1323 292 1472 346 quam
1501 275 1676 328 Stoici.
1792 274 1899 329 653

146 423 410 481 homines
461 427 727 497 spectare
778 420 986 478 caelum
1044 439 1180 478 cum
1239 427 1478 496 stupore
1529 420 1785 495 quodam
1836 427 1899 477 et

145 519 357 597 gaudio
377 525 418 575 ⁰.

378 638 456 682 Nil
477 637 586 682 adeo
607 626 839 695 magnum,
860 652 942 682 nec
963 644 1056 682 tam
1075 638 1276 683 mirabile
1298 639 1539 698 quicquam

378 711 614 768 Principio,
637 709 758 768 quod
778 725 871 754 non
893 711 1097 754 minuant
1117 711 1315 755 mirarier
1336 726 1490 756 omnes

379 782 639 826 Paullatim:
672 788 723 825 ut
746 781 855 826 Caeli
876 783 1057 835 clarum,
1080 797 1333 841 purumque
1356 785 1563 835 colorem,

385 854 619 912 Quemque
640 853 687 897 in
708 868 755 897 se
775 852 984 897 cohibent
1004 855 1198 911 palantia
1219 854 1364 898 sidera
1384 855 1564 912 passim,

378 926 622 984 Lunaeque,
644 932 687 969 et
709 926 813 969 solis
835 927 1046 982 praeclara
1064 928 1162 970 luce
1183 927 1400 971 nitorem:

375 998 544 1042 Omnia
564 1013 664 1056 quae
687 998 724 1041 si
744 1013 866 1042 nunc
887 999 1083 1055 primum
1104 1000 1366 1044 mortalibus
1390 999 1553 1051 adsint,

377 1071 446 1114 Ex
466 1070 706 1127 improviso
729 1085 810 1114 ceu
832 1071 920 1114 sint
942 1071 1113 1128 objecta
1131 1078 1323 1128 repente,

380 1142 502 1190 Quid
523 1143 665 1201 magis
686 1143 756 1187 his
778 1143 911 1187 rebus
934 1150 1105 1200 poterat
1125 1143 1324 1187 mirabile
1346 1142 1447 1194 dici,

376 1215 471 1258 Aut
490 1215 640 1258 minus
662 1222 764 1259 ante
785 1215 906 1274 quod
927 1214 1139 1258 auderent
1159 1215 1253 1258 fore
1275 1214 1452 1258 credere
1472 1220 1627 1272 gentes
1646 1218 1660 1257 ?

376 1287 468 1339 Nil,
491 1294 542 1330 ut
563 1287 747 1344 opinor3
779 1288 841 1331 ita
859 1287 955 1331 haec
979 1287 1145 1344 species
1166 1286 1369 1330 miranda
1389 1287 1572 1331 fuisset:

379 1358 534 1407 Quum
554 1359 635 1403 tibi
650 1360 745 1417 jam
765 1374 911 1411 nemo,
934 1360 1079 1403 fessus
1103 1360 1256 1403 satiate
1276 1359 1471 1411 videndi,

376 1431 612 1488 Suspicere
631 1432 678 1475 in
701 1431 797 1475 caeli
818 1431 1028 1489 dignatur
1047 1430 1196 1475 lucida
1215 1432 1395 1488 templa.

227 1532 504 1590 Profecto
556 1533 686 1590 haec
731 1534 998 1609 quamvis
1044 1532 1338 1608 Epicurea
1382 1531 1589 1590 multis
1641 1534 1900 1591 numeris

143 1630 507 1688 antecellunt
540 1630 807 1688 Stoicum
838 1630 1002 1697 illud,
1024 1628 1138 1687 Nil
1164 1628 1471 1686 admirari.
1558 1629 1754 1699 Quam
1785 1631 1901 1687 for-

143 1727 380 1795 mulam,
413 1734 480 1784 ut
520 1727 778 1785 breviter
820 1728 1187 1796 admoneam,
1231 1726 1519 1785 Horatius
1551 1747 1785 1803 quoque
1816 1729 1901 1784 vi-

61 1806 68 1814 ’
144 1825 316 1881 detur
365 1825 774 1901 perstringere.
862 1824 1148 1893 Queritur
1190 1826 1366 1892 enim,
1410 1833 1728 1902 pervagata
1770 1844 1901 1883 sen-

142 1921 406 1990 tentiola,
438 1940 563 1979 esse

850 2002 942 2050 Qui
962 2003 1197 2047 formidine
1218 2004 1341 2047 nulla

377 2074 546 2119 Imbuti
567 2081 766 2132 spectent
773 2108 1342 2120 ....................

380 2179 390 2190 .
408 2179 418 2191 .
440 2179 448 2191 .
467 2180 477 2191 .
496 2145 633 2190 Hunc
655 2147 808 2199 solem,
831 2153 874 2190 et
895 2148 1058 2200 stellas,
1082 2154 1125 2191 et
1147 2146 1402 2191 decedentia
1423 2147 1552 2191 certis

371 2218 595 2276 Tempora
614 2219 866 2271 momentis,

138 2337 277 2376 cum
321 2324 523 2374 tamen
566 2319 724 2376 idem
761 2319 1002 2376 attoniti
1051 2326 1330 2395 stupeant
1373 2328 1543 2376 terrae
1588 2326 1649 2376 et
1694 2320 1918 2377 oceani.

123 2399 502 2483 'muneribua
574 2435 868 2491 purpurae,
942 2435 1332 2492 gemmarum,
1407 2417 1650 2491 aurique
1720 2418 1898 2494 gazis.

138 2510 314 2579 Quod
359 2512 404 2568 si
450 2512 683 2588 pinguis
717 2511 819 2568 ille
857 2531 927 2568 ac
962 2512 1201 2578 nitidus,
1233 2531 1487 2586 vereque
1534 2513 1726 2569 dictus
1759 2512 1900 2588 Epi-

142 2609 265 2665 curi
310 2610 383 2666 de
425 2628 621 2685 grege,
666 2627 785 2665 non
832 2608 971 2664 tulit
1014 2607 1251 2682 ἀπαθείᾳ
1296 2610 1483 2665 minui
1526 2616 1587 2665 et
1628 2610 1898 2686 extingui

141 2713 362 2761 naturae
409 2705 583 2780 hujus
628 2705 914 2762 universae
957 2724 1255 2774 amorem3
1303 2705 1461 2780 quid,
1510 2705 1767 2773 obsecro,
1808 2705 1898 2763 his

141 2799 476 2858 hominibus
519 2801 815 2859 facturum
860 2819 986 2858 esse
1026 2801 1280 2858 censetis
1319 2801 1683 2868 Lucretium,
1715 2802 1897 2860 talem

141 2898 349 2963 virum,
379 2904 503 2954 tam
533 2899 650 2955 acri
681 2898 894 2964 animo,
925 2904 1050 2954 tam
1082 2897 1466 2954 vehementer
1509 2899 1568 2954 in
1604 2898 1897 2972 quaslibet

140 3001 335 3069 partes
378 2995 715 3052 commoto?
803 2995 998 3050 Immo
1028 3001 1096 3050 ut
1125 2994 1185 3051 id
1216 2995 1374 3069 quod
1405 2995 1653 3051 sentiam
1687 2996 1896 3063 dicam,

140 3092 270 3166 quis
322 3092 449 3159 scit,
495 3111 567 3148 an
619 3092 680 3148 id
732 3092 924 3166 ipsum
981 3093 1321 3167 cumprimis
1370 3093 1547 3149 fuerit
1593 3093 1654 3148 in
1706 3111 1896 3161 causa,

137 3206 246 3244 cur
287 3188 442 3263 apud
474 3194 702 3245 veteres
732 3187 1060 3264 elegantior
1090 3189 1337 3264 quisque
1369 3189 1597 3246 facilius
1640 3189 1898 3264 plerum-

137 3302 256 3358 que
300 3302 361 3340 se
405 3284 740 3359 adjunxerit
781 3284 1019 3359 Epicuri
1064 3285 1347 3359 partibus,
1380 3305 1556 3360 quam
1596 3285 1895 3343 Zenonis?

142 3376 255 3435 Illa
299 3386 458 3436 certe
498 3380 665 3448 ratic,
702 3399 841 3455 quae
886 3387 1115 3436 tantam
1159 3382 1356 3455 posuit
1403 3400 1641 3456 operam
1688 3381 1748 3436 in
1793 3400 1896 3437 ex-

138 3480 309 3531 terno
347 3475 460 3532 hoc
500 3495 694 3532 rerum
740 3477 943 3533 ordine
986 3477 1386 3544 describendo,
1418 3478 1529 3535 etsi
1560 3477 1691 3553 plus
1722 3496 1894 3559 aequo

820 3623 834 3640 ⁰
858 3616 989 3660 Lucr.
1015 3631 1054 3661 2.
1084 3628 1210 3675 1027.
