2288 4036
214 266 368 299 PRAEL.
390 265 614 298 xxxvm.
685 245 906 298 libentem
931 246 1076 298 illum
1090 246 1334 315 pueritiae
1359 245 1634 297 recordari.
1859 244 1962 299 765

449 387 506 430 Et
526 394 674 431 tamen
695 385 918 430 interdum
939 400 1102 443 magno
1124 386 1309 444 quaesita
1327 385 1477 429 labore

451 458 570 503 Cum
584 459 676 516 jam
698 472 775 514 per
794 464 932 501 terras
954 457 1175 509 frondent,
1198 464 1329 515 atque
1351 457 1502 500 omnia
1521 456 1693 508 florent,

450 530 544 574 Aut
565 530 713 573 nimiis
734 535 872 572 torret
892 528 1141 573 fervoribus
1163 529 1370 573 aetherius
1395 529 1485 581 Sol,

448 600 543 644 Aut
564 600 699 644 subiti
720 600 943 656 perimunt
962 599 1142 652 imbres,
1165 599 1409 658 gelidaeque
1430 599 1618 656 pruinae,

449 671 692 729 Flabraque
712 677 948 714 ventorum
968 671 1160 715 violento
1181 670 1358 715 turbine
1377 677 1569 714 versant.

218 750 469 810 Habetis
512 752 811 827 querelam
870 753 1010 808 satis
1068 759 1370 828 argutam:
1435 752 1528 808 cui
1587 758 1787 807 tamen
1847 770 1964 806 uno

215 845 391 902 verbo
421 847 697 902 medetur
727 844 1015 922 Virgilius
1039 854 1067 880 ¹¹
1094 866 1106 903 :

1096 943 1224 987 Pater
1244 945 1340 1001 ipse
1362 944 1536 988 colendi

449 1015 586 1059 Haud
606 1016 780 1059 facilem
801 1030 896 1059 esse
917 1016 1033 1059 viam
1052 1015 1206 1066 voluit,
1229 1016 1487 1072 primusque
1507 1030 1585 1072 per
1606 1022 1745 1058 artem

449 1087 593 1131 Movit
614 1102 758 1144 agros,
782 1089 899 1131 curis
921 1102 1085 1131 acuens
1106 1087 1308 1130 mortalia
1329 1086 1476 1138 corda,

447 1158 542 1201 Nec
564 1166 737 1215 torpere
756 1159 880 1215 gravi
901 1173 1059 1215 passus
1082 1173 1163 1202 sua
1183 1173 1320 1215 regna
1340 1164 1536 1201 veterno.

213 1238 517 1313 Ejusmodi
549 1239 956 1314 exemplorum
986 1239 1216 1295 infinita
1256 1257 1438 1314 prope
1469 1245 1559 1294 est
1588 1255 1787 1313 seges:
1821 1255 1965 1310 quo-

211 1353 341 1390 rum
387 1336 648 1391 omnium
708 1355 778 1392 ea
829 1336 914 1391 vis
972 1343 1078 1400 est,
1133 1343 1199 1390 ut
1258 1336 1317 1391 in
1376 1335 1674 1390 mitiorem
1734 1338 1963 1406 partem

210 1429 490 1506 pleraque
531 1433 954 1506 interpretetur
982 1431 1288 1507 Virgilius,
1318 1450 1447 1505 quae
1482 1430 1764 1486 Lucretio
1795 1426 1962 1484 nullo

209 1528 386 1583 modo
444 1527 749 1584 toleranda
799 1527 1162 1583 videbantur.
1251 1525 1458 1600 Atque
1505 1526 1563 1581 in
1613 1543 1683 1581 ea
1728 1543 1793 1580 re
1844 1542 1963 1579 nou

209 1642 431 1697 parum,
493 1630 563 1679 ut
621 1625 841 1698 opinor,
900 1622 1125 1697 adjuvit
1184 1641 1322 1678 eum
1387 1622 1721 1688 tenerrima,
1782 1639 1958 1694 quam

212 1736 443 1793 semper
460 1719 717 1785 fovebat,
731 1718 1083 1793 juvenilium
1119 1737 1407 1774 annorum
1436 1717 1737 1772 memoria.
1785 1715 1961 1784 Quod

211 1822 415 1871 contra
453 1815 607 1890 apud
641 1815 986 1871 Lucretium
1030 1813 1174 1869 nihil
1217 1812 1338 1869 tale
1383 1813 1621 1869 subesse
1651 1811 1959 1887 intelligo:

209 1910 310 1985 qui
340 1910 503 1967 nullo
545 1930 803 1985 unquam
835 1917 1120 1985 tempore,
1154 1909 1309 1983 quod
1355 1909 1554 1975 sciam,
1585 1927 1721 1964 cum
1763 1926 1962 1964 amore

210 2015 271 2064 et
315 2007 626 2064 dulcedine
670 2008 887 2082 repetit
933 2007 1204 2082 pueritiae
1250 2025 1367 2062 suae
1418 2005 1579 2061 lusus
1624 2012 1686 2061 et
1728 2005 1958 2080 gaudia.

210 2110 282 2167 Id
329 2110 503 2185 quod,
554 2117 623 2166 ut
680 2110 825 2166 mihi
878 2109 1115 2184 quidem
1164 2110 1412 2175 videtur,
1474 2108 1960 2183 significationem

208 2206 389 2263 habet
418 2225 535 2262 non
567 2206 805 2262 dubiam
837 2206 1048 2261 futurae
1078 2205 1393 2279 aliquando
1423 2204 1684 2261 insaniae.

292 2301 430 2359 Jam
487 2302 824 2368 videndum,
890 2321 963 2358 an
1022 2301 1124 2358 illa
1177 2320 1415 2375 quoque
1483 2299 1959 2357 dissimilitudine

210 2398 402 2455 notari
442 2397 657 2454 debeat
700 2389 804 2473 par
841 2398 1039 2454 nobile
1085 2398 1489 2454 Romanorum
1534 2404 1756 2463 vatum,
1804 2396 1960 2471 quod

209 2494 472 2551 locorum
517 2493 893 2550 familiarium
935 2495 1236 2550 mentione
1282 2494 1659 2568 supersedeat
1706 2491 1964 2567 plerum-

210 2610 325 2665 que
374 2590 702 2656 LucretiUS‚
749 2589 1035 2666 Virgilius
1082 2609 1200 2645 non
1247 2587 1361 2645 alia
1419 2608 1482 2645 re
1532 2589 1719 2664 magis
1767 2607 1829 2644 se
1874 2606 1962 2644 so-

209 2685 330 2742 leat
374 2685 685 2742 delectare.
767 2685 1020 2742 Evolvas
1066 2686 1206 2742 licet
1245 2705 1280 2741 a
1323 2685 1609 2760 principio
1657 2685 1730 2741 ad
1779 2685 1960 2740 finem

210 2800 412 2838 omnes
453 2787 745 2856 quotquot
785 2788 921 2837 sunt
955 2780 1133 2837 libros
1175 2780 1456 2848 Lucretii,
1492 2800 1568 2838 ne
1608 2779 1791 2838 semel
1837 2781 1964 2855 qui-

210 2877 346 2934 dem
384 2878 656 2952 (audeam
694 2877 912 2953 dicere)
944 2878 1206 2934 invenies
1247 2879 1369 2934 sive
1409 2877 1629 2933 montis
1665 2895 1769 2933 seu
1797 2875 1960 2932 fluvii

208 2992 442 3040 nomen,
485 2973 665 3029 animi
707 2992 896 3041 causa,
931 2981 998 3030 ut
1039 2974 1121 3041 fit,
1153 2974 1399 3030 adduci:
1446 2973 1588 3047 quin
1631 2991 1863 3047 semper
1892 2991 1962 3028 ea

209 3070 385 3126 modo
416 3068 546 3125 loca
574 3070 874 3126 vocabulis
915 3071 1032 3127 suis
1075 3076 1378 3144 nuncupat
1410 3069 1620 3138 Poeta,
1654 3089 1788 3144 quae
1811 3088 1962 3124 nun-

211 3172 501 3240 cupentur
562 3184 800 3222 necesse
858 3173 967 3233 est,
1028 3185 1102 3222 ne
1164 3166 1316 3222 forte
1385 3165 1582 3239 aliqua
1639 3166 1727 3221 sui
1793 3171 1961 3239 parte

212 3260 446 3317 vacillet
486 3280 553 3318 ac
584 3262 807 3318 titubet
846 3261 1229 3336 philosophiae
1261 3261 1386 3335 ejus
1416 3261 1598 3316 ratio:
1645 3258 1961 3315 Ammonis

211 3356 484 3413 videlicet
535 3357 779 3423 fontem,
830 3357 921 3413 vel
974 3357 1348 3418 Heliconem,
1401 3364 1641 3431 propter
1692 3355 1959 3411 arborem

212 3453 524 3527 quandam,
565 3452 659 3509 vel
684 3462 710 3487 ⁰

472 3575 498 3598 Π
525 3568 678 3623 Geor-y.
707 3582 743 3611 1.
790 3581 886 3610 121.
1327 3574 1349 3596 0
1373 3566 1504 3609 Lucr.
1528 3565 1570 3609 6.
1596 3565 1695 3623 767.
