2288 4036
242 137 351 188 832

242 266 480 323 Evanyelii
515 265 800 325 indulgentia
835 267 953 311 male
989 274 1186 326 accepta,

302 341 410 370 xxn.
434 337 538 382 425.

241 385 499 453 Eaeerandi
529 386 753 439 formulae,
777 385 888 445 quid
921 386 1008 431 sibi
1029 387 1184 439 velint,

301 461 331 489 1·
353 460 396 504 9·

238 503 483 565 Ἐξηγητοῦ
505 506 721 558 officium,
745 506 853 550 xxii.
877 505 980 560 428.

240 565 468 623 Eoeequz'as
496 573 784 610 mortuorum
809 565 866 610 ad
890 565 1056 610 Poesin
1083 581 1185 624 per-

300 626 459 678 tinere,
482 626 528 669 ii.
555 640 627 678 21,
654 639 726 669 22.

240 685 433 730 Eoesules
455 685 552 730 caeli
568 686 750 743 regione
766 684 956 729 domum
970 701 1185 744 quaerere,

300 745 346 789 ii.
372 759 444 789 20.
479 746 670 790 assuetis
691 746 899 789 locorum
920 745 1185 790 nominibus

300 805 383 857 uti,
409 819 480 849 21.

240 864 426 910 Exuvioe
460 865 660 909 absentis
695 865 892 924 Ulyssis,
919 880 1057 925 quare
1089 880 1184 909 me-

299 933 550 978 morentur,
574 925 667 969 xiii.
693 939 794 969 212.

240 985 490 1029 Ezechielis
510 985 669 1037 ironia,
693 1000 736 1030 v.
762 996 833 1043 70.

688 1104 736 1148 F.

241 1164 462 1208 Fabulosa
514 1162 685 1221 duplici
744 1164 917 1208 ratione
973 1163 1183 1223 mitigari,

301 1223 457 1268 ΧΧΧ111.
481 1222 586 1282 670.

240 1284 474 1328 Facinoris
494 1285 565 1328 vel
585 1285 724 1328 unius
746 1283 937 1337 fructus,
957 1300 1034 1328 xx.
1059 1283 1163 1343 363.

241 1344 431 1388 “Falsa
459 1344 709 1388 insomnia''
734 1359 815 1389 cur
848 1344 1011 1389 dixerit
1032 1344 1184 1403 Virgi-

300 1404 406 1456 lius,
429 1404 584 1448 xxxix.
611 1404 713 1463 785.

241 1464 421 1508 Famam
473 1464 521 1508 ui
540 1471 812 1532 sequuntur,
828 1464 1005 1509 addunt
1023 1463 1079 1508 de
1102 1480 1185 1509 suo

300 1479 486 1583 aliquid,
508 1523 568 1568 vi.
593 1525 668 1580 84.

240 1584 548 1628 Familiarium
568 1583 692 1652 apud
712 1584 959 1643 Virgilium
979 1586 1186 1629 locorum

301 1645 522 1702 exempla,
545 1645 702 1688 xxxix.
728 1656 829 1704 791.

242 1705 354 1748 Fato
377 1703 578 1763 quodam
598 1719 693 1748 non
719 1720 792 1762 agl
819 1719 916 1748 rem
939 1704 1185 1772 Poeticam,

300 1764 359 1809 vi.
384 1765 458 1823 87.
503 1764 650 1808 fatum
687 1764 912 1808 dominari
944 1764 993 1808 in
1030 1763 1184 1818 Iliade,

300 1824 560 1868 solertiam
549 1839 597 1868 111
617 1824 855 1883 Odysseia,
873 1824 934 1868 xi.
957 1835 1057 1883 174.
1090 1839 1183 1869 non

300 1884 362 1928 ita
381 1891 550 1936 tamen,
567 1891 621 1929 ut
642 1885 886 1929 necessitas
918 1884 1183 1938 affirmetur,

299 1960 375 2012 xv.
393 1957 487 2020 259
512 1959 638 2004 seqq.
672 1960 728 1989 an
759 1945 799 1988 ei
825 1951 1010 2003 pareant
1032 1945 1185 2013 01111113

300 2004 349 2048 111
377 2003 645 2049 Graecorum
669 2005 926 2063 Tragoedia,
948 2004 1071 2049 xviii.
1095 2017 1183 2063 315

302 2080 426 2124 seqq.
456 2064 705 2123 Iphigeniae
718 2080 877 2109 necem
889 2065 1043 2109 intulit
1057 2064 1182 2109 dam-

299 2140 415 2168 nosa
437 2124 492 2168 de
514 2140 567 2169 eo
589 2125 757 2183 opinio,
779 2141 856 2169 xx.
879 2123 984 2183 361.

241 2184 385 2228 Fauni
406 2192 450 2228 et
474 2183 742 2244 Satyrorum
763 2185 907 2243 origo,
930 2200 1037 2228 xxx.
1057 2183 1159 2228 616.

241 2244 380 2289 Feras
405 2260 512 2289 cum
538 2245 804 2290 hominibus
827 2245 1105 2297 consentire,
1129 2259 1184 2288 ex

301 2320 392 2364 quo
430 2320 528 2349 esse
565 2305 733 2358 omina,
771 2305 863 2349 xix.
894 2319 998 2363 339.
1049 2306 1185 2349 etiam

299 2365 607 2418 immaniores,
637 2365 694 2410 ab
717 2364 940 2423 AEschylo
968 2363 1183 2417 adamari,

184 2506 186 2508 ·
241 2485 375 2529 Ficus
398 2484 568 2530 Indicae
592 2484 850 2544 descriptio,
872 2484 1029 2529 xxxiii.
1053 2482 1157 2539 664.

241 2545 496 2649 Fide6non
543 2545 690 2603 specie
742 2545 848 2590 duci
899 2544 1076 2597 Poetas,
1123 2545 1184 2588 xl.

301 2606 355 2649 81
397 2639 406 2649 .

242 2666 423 2710 Florum
464 2665 821 2710 meridianorum
862 2664 983 2722 apud
1021 2663 1186 2709 Pinda-

301 2741 406 2770 rum
426 2727 542 2778 laus,
558 2726 680 2771 xxvi.
696 2737 799 2783 522.
833 2740 993 2783 genus,
1016 2732 1186 2769 tessera

303 2785 468 2831 divinae
487 2785 824 2837 misericordiae,
847 2796 952 2842 524.

242 2846 445 2890 Foeminae
479 2861 587 2904 erga
615 2845 812 2904 pecudes
840 2844 1184 2897 mansuetiores,

302 2906 427 2950 xxiii.
443 2907 546 2964 458.
580 2921 736 2950 earum
752 2904 928 2949 indoles
950 2904 1072 2963 apud
1090 2904 1183 2949 Eu-

301 2965 510 3035 ripidem,
533 2966 656 3010 xxix.
681 2966 784 3010 602.

243 3026 404 3069 Fontes
422 3027 643 3085 cujusque
666 3025 877 3076 PoeseOS,
893 3024 978 3068 etsi
994 3039 1090 3068 non
1107 3039 1184 3092 ap-

302 3093 503 3143 pareant,
527 3093 716 3139 exstare,
739 3085 860 3129 xxiv.
877 3083 981 3140 468.
1014 3084 1183 3128 xxxvii.

305 3155 407 3202 740.
440 3145 699 3198 Thebanos,
723 3144 973 3189 Pindaricae
1005 3159 1186 3204 quoque

303 3205 498 3249 Poeseos
523 3221 621 3249 esse
641 3180 805 3257 fohtes,
820 3204 942 3250 xxvi.
961 3216 1019 3262 53
1024 3219 1065 3248 2.
1102 3204 1184 3248 So-

301 3264 503 3333 phocleae
528 3265 736 3318 Poeseos,
752 3239 901 3309 adhuc
925 3264 1184 3316 desiderari,

301 3325 454 3369 xxviii.
470 3324 574 3383 563
609 3325 775 3382 saepius
798 3339 891 3368 non
913 3331 1035 3368 certo
1056 3323 1185 3368 inda-

301 3385 414 3442 gari,
430 3385 554 3428 xxix.
574 3385 678 3442 583.
707 3384 971 3428 Horatianae
990 3383 1184 3427 Poeseos

302 3444 538 3489 dubitatur
558 3459 617 3488 an
638 3444 720 3488 ulli
739 3451 931 3496 exstent,
954 3444 1015 3487 xl.
1040 3444 1143 3488 801.

241 3503 547 3548 Formosorum
567 3511 724 3563 gestus
747 3519 853 3548 cum
875 3503 1063 3548 Naturae
1085 3518 1183 3547 mo-

302 3563 426 3608 tibus
449 3564 703 3616 convenire,
725 3580 832 3607 xxx.
851 3563 954 3631 615.

242 3624 450 3667 Formula
493 3624 686 3669 Poeseos
724 3623 888 3668 severis
894 3623 1023 3675 sima,
1061 3622 1183 3666 xxiv.

301 3694 405 3741 473·

1030 136 1402 188 INDEX.

1277 268 1474 312 Fortuna
1506 269 1646 313 semel
1676 268 1815 313 modo
1846 269 1915 314 uti
1947 269 2215 324 Homerum,

1335 327 1426 372 viii.
1447 329 1546 386 189.
1581 344 1742 373 cursus
1765 329 1862 397 eius
1881 329 2003 387 apud
2020 330 2216 390 AEschy-

1336 388 1434 432 lum
1456 388 1715 446 simplicior,
1739 388 1846 433 xvii.
1872 404 1974 447 291.

1276 448 1616 492 Fortunatorum
1628 448 1806 500 insulae,
1820 449 1941 494 xxvi.
1951 460 2055 507 522.
2079 451 2216 495 xxvii.

1276 519 1683 625 Friyide5saepius
1674 583 1720 612 111
1744 567 1961 626 Euripide
1983 567 2217 626 disputari,

1333 627 1456 671 xxix.
1473 627 1576 683 586.
1609 627 1656 672 id
1672 628 1903 672 interdum
1918 628 2023 672 ferri
2041 628 2215 682 debere,

1272 699 1459 799 Friiuge,
1486 746 1539 790 R.
1564 747 1643 800 H,
1666 748 1763 806 ejus
1786 747 1841 791 de
1856 747 2048 806 Virgilio
2070 764 2215 807 augu-

1332 806 1411 859 ria,
1435 807 1604 851 xxxvii.
1627 817 1728 865 739,
1749 818 1850 865 740.

1272 866 1434 910 Fumus
1462 867 1650 925 procul
1640 882 1688 911 111
1708 867 1859 912 insula
1881 867 2052 912 Circaea
2072 868 2214 922 visus,

1332 926 1394 971 xi.
1423 927 1522 982 185.

1273 986 1491 1030 Funerum
1521 986 1607 1031 8111)
1642 986 1730 1030 fine
1767 986 1921 1031 Iliadis
1958 988 2087 1040 ratiO,
2122 988 2213 1032 viii.

1336 1060 1355 1090 1
1367 1046 1507 1090 16-1
1516 1061 1587 1091 20.
1611 1046 1834 1091 Achillem
1846 1047 1910 1092 ibi
1924 1063 2062 1092 suum
2075 1048 2214 1092 funus

1332 1106 1464 1165 quasi
1485 1106 1659 1164 praeire,
1684 1107 1785 1151 118.

1274 1166 1509 1210 Furiarum
1534 1166 1750 1218 officium,
1773 1166 1881 1211 xxii.
1903 1181 2007 1222 422.
2052 1168 2098 1212 in
2120 1183 2214 1212 me-

1333 1225 1421 1270 lius
1443 1234 1663 1279 mutatur,
1687 1225 1790 1284 436.

1274 1286 1424 1330 Fastis
1446 1286 1713 1354 Polyphemi
1732 1301 1960 1339 mensura,
1983 1287 2074 1332 xiv.
2100 1287 2201 1332 226.

1274 1345 1433 1390 Futuri
1453 1346 1699 1404 praesensio
1722 1354 1765 1391 et
1783 1347 1961 1408 φίλτρω
1982 1354 2026 1392 et
2047 1346 2215 1392 damno

1334 1406 1432 1459 erit,
1455 1422 1530 1450 xx.
1554 1407 1659 1465 380.

1720 1525 1777 1570 G.

1278 1586 1467 1630 Galatea
1489 1601 1546 1644 ap
1548 1585 1611 1630 ud
1631 1586 1942 1639 Theocritum,
1964 1586 2086 1630 xxxi.
2109 1585 2215 1646 637.

1277 1601 1546 1689 Galliarump
1581 1646 1768 1714 Reginae
1820 1620 1943 1705 apud
1987 1646 2215 1691 Burkium

1334 1704 1565 1764 Elogium,
1587 1705 1650 1749 iii.
1673 1706 1747 1764 38.

1277 1765 1401 1809 Galli
1442 1781 1537 1810 non
1572 1766 1689 1810 bene
1727 1765 1913 1810 Comica
1953 1781 1977 1810 e
2011 1766 2214 1824 Tragicis

1333 1833 1558 1884 separant,
1581 1826 1673 1873 xix.
1696 1826 1801 1884 338.

1271 1887 1452 1931 Γελοῖον
1473 1885 1583 1945 quid
1603 1885 1832 1930 interdum
1854 1885 1903 1929 in
1918 1884 2121 1943 Tragicis
2138 1899 2215 1930 va·

1331 1946 1441 1998 lent,
1463 1946 1555 1989 xix.
1580 1960 1608 2004 3
1615 1946 1685 2004 38

1277 2006 1551 2074 Genealoyiae
1592 2020 1761 2064 magna
1801 2004 1921 2063 apud
1966 2004 2215 2049 Pindarum

1332 2066 1461 2118 ratio,
1484 2065 1606 2109 xxvi.
1630 2079 1734 2133 533.

1277 2124 1494 2169 Genesis'
1477 2140 1536 2169 zv.
1562 2139 1634 2176 21,
1657 2126 1717 2169 iv.
1736 2125 1810 2180 48.
1853 2125 1914 2168 ioe.
1935 2135 2007 2179 25,
2029 2124 2089 2168 iv.
2105 2139 2179 2183 49.

1276 2184 1420 2237 Genii,
1433 2192 1606 2229 tutores
1622 2159 1879 2237 hominum,
1898 2184 2020 2242 apud
2042 2183 2212 2228 Home-

1332 2260 1449 2297 rum,
1473 2245 1548 2288 xii.
1575 2243 1678 2300 256.
1735 2244 1980 2296 HomerUS,
2010 2244 2213 2288 tutelaris

1335 2304 1601 2349 Graecorum
1631 2303 1819 2357 GeniUS,
1847 2304 1936 2348 xvi.
1964 2314 2065 2362 272.
2110 2318 2213 2347 cru-

1334 2363 1456 2408 deles
1508 2364 1709 2424 quidam,
1755 2363 1876 2421 apud
1925 2362 2213 2421 Sophoclem,

1333 2424 1486 2469 xxviii.
1511 2435 1614 2482 579.
1657 2423 1903 2475 libidinosi,
1930 2422 2054 2481 apud
2079 2422 2213 2466 Euri-

1333 2483 1500 2542 pidem,
1523 2484 1646 2528 xxix.
1671 2482 1774 2542 609.
1817 2483 2007 2526 fortasse
2033 2498 2112 2541 per
2139 2497 2214 2527 ve-

1334 2551 1450 2588 teres
1474 2518 1635 2588 Poetas
1657 2543 1798 2602 loqui,
1820 2542 1974 2586 xxxiv.
1999 2541 2089 2597 64

1279 2604 1608 2662 Geoyraphieas
1639 2603 1814 2647 tabulas
1845 2617 2026 2671 quomo
2049 2617 2076 2646 0
2108 2617 2216 2646 con-

1333 2665 1610 2722 templentur
1631 2663 1854 2715 homines,
1877 2662 2061 2707 xxxviii.
2059 2661 2183 2730 776.

1277 2724 1590 2781 Georyicorum
1621 2723 1802 2781 Virgilii
1841 2721 1960 2779 ἦθος,
1994 2721 2087 2766 Χ111.
2111 2736 2214 2780 219.

1333 2799 1385 2828 ea
1398 2784 1448 2828 in
1460 2783 1658 2828 mediam
1671 2782 1868 2828 AEneida
1879 2781 2048 2832 inferri,
2062 2782 2215 2826 xxxvi.

1336 2855 1437 2902 732.
1492 2859 1596 2888 cum
1629 2843 1726 2887 aliis
1761 2841 1993 2886 didacticis
2031 2856 2215 2899 compo-

1334 2911 1523 2955 nuntur,
1543 2903 1710 2947 xxxvii.
1728 2914 1829 2962 742.
1872 2901 2132 2946 fabularum
2152 2901 2216 2945 ibi

1333 2970 1615 3007 narratarum
1633 2963 1761 3015 ratio,
1779 2972 1880 3020 745,
1897 2960 1939 3005 6.
1976 2960 2032 3005 de
2053 2961 2214 3019 apibus

1332 3024 1459 3076 liber,
1503 3023 1709 3067 omnium
1762 3022 1956 3066 maxime
2004 3021 2214 3089 Virgilia-

1334 3099 1461 3136 num,
1478 3095 1580 3142 752.
1617 3083 1713 3141 ejus
1731 3082 1878 3140 operis
1897 3081 2015 3133 fons,
2030 3080 2213 3125 xxxviii.

1275 3143 1578 3247 “gifmerare
1594 3202 1804 3259 ‘ares-sus?
1810 3199 1949 3260 'quid
1976 3198 2214 3259 significet,

1333 3263 1486 3307 xxxix.
1513 3274 1615 3321 790.

1274 3325 1424 3380 Γνώμη
1457 3321 1687 3380 popularis
1719 3320 1775 3364 ab
1809 3319 2031 3378 AEschylo
2063 3333 2214 3362 emen-

1334 3382 1482 3434 datur,
1512 3397 1588 3425 xx.
1616 3379 1719 3438 365.
1763 3382 1938 3447 γνώμας
1970 3379 2216 3436 intempes-

1332 3442 1422 3487 tive
1444 3442 1500 3486 ab
1525 3439 1742 3498 Euripide
1765 3455 1865 3491 sem,
1890 3439 2010 3482 xxix.
2029 3439 2086 3496 58
2092 3449 2133 3497 7.

1277 3503 1468 3559 Goryias
1491 3500 1708 3551 Platonis,
1732 3499 1885 3543 xxxix.
1907 3508 2009 3557 797.

1275 3563 1456 3609 Graecos
1485 3561 1601 3604 inter
1626 3575 1673 3603 se
1702 3559 1969 3603 conciliabat
1992 3557 2113 3609 Ilias,
2136 3556 2213 3601 vii.

1330 3636 1404 3680 90.
1459 3635 1617 3664 eorum
1651 3633 1799 3662 causae
1835 3618 1898 3662 ita
1934 3591 2126 3669 favebat’,
2161 3623 2214 3660 ut

1330 3680 1553 3739 Trojanos
1567 3694 1748 3738 quoque
1765 3676 2116 3734 commendaret,
2129 3690 2212 3735 92,
