2288 4036
230 295 388 358 PRAEL.
408 326 569 358 XXXV.
646 315 750 358 tum
764 306 946 374 forma
971 303 1230 363 carminis,
1257 310 1360 353 tum
1386 302 1538 353 etiam
1561 301 1698 369 stylo.
1871 303 1976 356 709

227 457 405 522 atque
435 449 494 504 111
525 468 646 504 rem
679 467 859 512 suam,
885 448 1091 520 suique
1118 446 1373 520 Epicuri,
1398 451 1720 501 convertat.
1782 444 1974 502 Velut

227 544 328 599 ubi
365 563 439 600 ex
477 544 731 619 pulveris
772 542 1089 617 particuliS‚
1131 542 1191 596 in
1234 540 1456 596 lumine
1489 539 1642 596 Solis
1673 538 1971 595 volitanti-

227 640 349 704 bus,
382 639 830 714 primordiorum
861 656 1098 694 suorum
1130 635 1470 710 exemplum
1501 635 1609 691 sibi
1641 635 1820 691 sumit
1845 631 1887 688 d.

461 765 795 822 Contemplator
816 765 950 816 enim,
974 779 1077 807 cum
1100 763 1215 806 Solis
1236 762 1406 806 lumina
1427 776 1602 819 cunque

462 837 669 880 Insertim
689 836 886 879 fundunt
907 835 1052 878 radios
1074 850 1152 891 per
1173 848 1309 890 opaca
1331 833 1579 883 domorum,

461 909 608 951 Multa
627 908 800 950 minuta
819 906 964 950 modis
986 907 1139 949 multis
1160 920 1237 962 per
1259 905 1398 948 Inane
1419 904 1588 948 videbis

460 979 660 1035 Corpora
678 978 853 1021 misceri
873 977 1100 1020 radiorum
1119 977 1286 1020 lumine
1307 977 1352 1019 in
1374 977 1487 1033 ipso,
1633 975 1638 981 ’

459 1050 518 1093 Et
539 1051 659 1093 velut
679 1056 843 1092 aeterno
866 1049 1101 1092 certamine
1122 1049 1289 1105 proelia,
1312 1062 1576 1105 pugnasque

460 1122 603 1166 Edere
624 1122 852 1164 turmatim
874 1121 1098 1171 certantia,
1121 1135 1202 1163 nec
1224 1120 1327 1164 dare
1347 1135 1530 1177 pausam

459 1192 670 1236 Conciliis
692 1199 734 1235 et
755 1192 949 1235 discidiis
971 1191 1160 1235 exercita
1180 1190 1344 1234 crebris
1361 1207 1370 1233 z

457 1263 686 1320 Conjicere
707 1270 757 1306 ut
778 1262 921 1318 possis
943 1277 995 1305 ex
1016 1262 1117 1312 hoc,
1141 1259 1388 1304 Primordia
1407 1274 1556 1303 rerum

460 1332 602 1379 Quale
622 1333 679 1375 sit
698 1333 744 1375 in
765 1347 929 1389 magno
944 1332 1100 1389 jactari
1121 1346 1293 1388 semper
1315 1330 1459 1375 Inani.

308 1446 604 1504 Sexcenta
649 1447 762 1503 alia
808 1454 945 1502 sunt
988 1446 1310 1520 ejusmodi:
1363 1444 1560 1500 nullus
1605 1444 1763 1500 enim
1809 1442 1999 1498 locus·

222 1545 281 1598 in
327 1544 603 1599 Lucretio
652 1542 826 1599 latius
865 1549 1047 1617 patet.
1135 1541 1366 1599 Verum
1407 1560 1483 1596 ex
1528 1559 1646 1595 uno
1699 1538 1802 1594 illo
1845 1556 1976 1612 per-

223 1640 451 1713 cipiatis
490 1638 628 1694 licet
663 1639 1064 1694 admirandam
1109 1637 1363 1693 hominis
1408 1636 1723 1703 solertiam,
1756 1653 1871 1708 qua
1914 1632 1975 1687 in

222 1738 396 1794 rebus
435 1737 828 1793 usitatissimis
868 1737 1153 1811 imagines
1193 1736 1303 1792 sibi
1350 1735 1568 1810 reperit
1599 1752 1800 1790 earum
1831 1749 1975 1807 quas

223 1852 383 1890 caras
429 1833 625 1889 habet.
715 1832 971 1890 Videtis
999 1851 1155 1899 vero,
1203 1851 1273 1888 ea
1324 1831 1608 1887 facultate
1656 1831 1756 1886 vix
1807 1827 1978 1904 quid-

222 1946 398 2000 quam
429 1928 553 1984 fore
582 1927 803 1993 utilius,
835 1928 908 1982 ad
941 1927 1138 1983 omnia
1166 1926 1464 2002 religionis
1495 1924 1701 1981 officia.

308 2022 401 2078 De
441 2022 576 2096 styli
620 2029 819 2078 autem
857 2022 1051 2078 colore
1090 2041 1207 2077 non
1249 2029 1338 2077 est
1376 2041 1481 2077 cur
1514 2019 1704 2076 multa
1735 2020 1979 2075 dissera-

223 2135 370 2182 mus,
402 2135 536 2172 cum
571 2118 620 2172 is
651 2118 744 2183 sit,
776 2117 1040 2172 omnium
1074 2117 1319 2191 judiciO,
1350 2135 1525 2191 quem
1558 2115 1818 2172 declaret
1850 2133 1977 2170 ver-

221 2229 319 2268 sus
350 2211 730 2279 HoratianUS,

457 2345 692 2403 Verbaque
710 2345 934 2402 provisam
954 2359 1048 2388 rem
1069 2359 1161 2388 non
1181 2345 1320 2389 invita
1340 2352 1595 2402 sequentur.

319 2459 619 2515 Nimirum
664 2460 724 2515 in
766 2478 996 2515 summa
1039 2459 1139 2514 illa
1184 2460 1368 2534 copia,
1407 2459 1754 2527 subtilitate,
1787 2459 1977 2515 suavi-

222 2562 364 2619 tate,
395 2556 562 2612 adest
590 2561 792 2611 tamen
836 2556 1174 2610 inornatum
1217 2554 1460 2630 aliquid,
1490 2556 1737 2611 mirifice
1767 2563 1974 2629 aptum

222 2648 308 2703 illi
354 2648 653 2723 Scriptori‚
694 2649 794 2723 qui
838 2650 1149 2704 veritatem
1192 2648 1357 2704 nullo
1401 2668 1660 2723 unquam
1706 2656 1975 2722 tempore

222 2744 662 2818 posthabiturus
709 2745 784 2800 sit
828 2744 1133 2800 facundiae.
1227 2744 1362 2811 Quo
1415 2745 1551 2818 quid
1607 2744 1721 2800 dici
1779 2750 1976 2818 potest

222 2840 667 2896 convenientius
697 2858 834 2896 cum
863 2858 1067 2895 eorum
1092 2839 1298 2906 officiO,
1319 2840 1656 2913 quicunque
1686 2840 1840 2896 circa
1867 2840 1977 2894 im-

221 2934 494 2990 mortalia
522 2953 589 2990 ac
620 2935 816 2990 divina
845 2934 1193 2991 versantur?

307 3029 512 3103 Atque
557 3029 651 3085 hic
693 3028 949 3103 eloquar,
980 3030 1137 3103 quod
1181 3029 1325 3084 mihi
1363 3031 1524 3085 venit
1568 3029 1629 3084 111
1672 3035 1972 3084 mentem:

223 3125 506 3200 exiguum
550 3123 694 3179 illud
726 3124 983 3197 quidem,
1015 3125 1116 3180 sed
1147 3125 1306 3198 quod
1346 3143 1451 3180 sua
1479 3124 1537 3180 vi
1568 3124 1812 3180 fortasse
1855 3143 1973 3180 non

224 3220 459 3293 penitus
509 3226 721 3275 careat.
810 3218 1117 3294 Significat
1158 3218 1470 3275 Lucretius
1514 3238 1633 3274 11011
1680 3218 1863 3275 semel
1912 3238 1973 3275 se

224 3313 322 3368 vix
354 3333 525 3388 aequo
556 3314 752 3369 animo
771 3313 1155 3388 jejunitatem
1177 3313 1409 3369 Latinae
1440 3313 1660 3389 linguae
1690 3314 1814 3388 pati
1843 3332 1976 3387 pos-

223 3425 322 3464 se:
369 3408 594 3482 “patrii
624 3408 958 3474 sermonis,'’
988 3416 1056 3464 ut
1084 3409 1210 3483 ipse
1241 3408 1518 3484 appellat,
1552 3409 1971 3485 “egestatem.”
2006 3462 2008 3465 ,

880 3607 903 3637 d
935 3608 1066 3651 Lucr.
1091 3622 1131 3651 2.
1154 3623 1249 3666 113.
