2288 4036
156 205 478 240 PRAELsxxnl.
548 183 781 252 waitiyari
794 201 950 252 posse,
977 200 1091 251 quoe
1116 182 1363 234 audacius
1386 190 1576 232 sonant.
1801 181 1906 233 463

508 326 716 382 ἱξόμεσθα
739 326 819 369 σὺν
840 325 1013 371 κλάδοις

506 398 704 454 ἀρτάναις
725 397 947 448 θανοῦσαι,

505 470 562 527 μὴ
584 473 796 527 τυχοῦσαι
819 470 927 513 θεῶν
945 469 1209 527 Ὀλυμπίων.

160 563 278 620 Sed
321 559 632 618 formulam
678 566 909 615 tantum
958 558 1108 615 hanc
1154 578 1280 616 esse
1325 559 1696 626 crediderim,
1738 557 1913 615 vehe-

157 657 427 714 mentiori
475 674 647 731 prece
677 654 892 711 Jovem
934 654 1310 730 urgentium3
1356 653 1515 728 quali
1559 660 1911 729 argumento

157 754 309 830 apud
341 772 531 810 sacros
555 748 774 808 etiamk
799 752 1110 826 scriptores
1136 770 1339 807 verum
1371 750 1685 825 aliquando
1712 749 1909 806 Deum

157 852 375 909 adeunt
417 848 751 924 Prophetae,
791 848 883 903 vel
929 837 1033 905 suo
1079 847 1264 903 exitio
1310 847 1598 903 redimere
1644 846 1911 903 volentes

157 947 341 1023 plebis
393 945 660 1010 salutem,
707 964 838 1001 eum
891 944 1079 1020 gloria
1127 943 1296 1000 Illius
1347 944 1907 1019 conjunctissimam.

160 1043 305 1099 Eam
351 1043 639 1098 duntaxat
683 1041 900 1098 habere
945 1042 1233 1098 rationem
1277 1042 1570 1107 videntur,
1604 1060 1731 1115 quae
1762 1040 1913 1115 Sup-

157 1140 336 1215 plices
366 1139 634 1214 proximo
666 1157 935 1195 sermone
966 1134 1245 1194 adduntl.

509 1253 577 1296 καὶ
599 1251 684 1296 τότ’
708 1252 758 1294 οὐ
779 1252 956 1297 δικαίοις

508 1325 609 1370 Ζεὺς
629 1324 818 1379 ἐνέξεται
840 1326 1005 1383 λόγοις,

508 1400 583 1442 τόν
602 1400 677 1443 τᾶς
696 1399 803 1450 βόος

509 1470 623 1514 παῖδ’
645 1471 871 1527 ἀτιμάσας,
895 1472 971 1514 τὸν
992 1471 1064 1513 αὐ-

508 1545 581 1588 τὸς
599 1542 693 1587 ποτ’
717 1544 887 1587 ἔκτισεν
906 1545 1035 1603 γόνῳ,

509 1619 582 1660 νῦν
603 1617 715 1674 ἔχων
735 1616 1030 1673 παλίντροπον

510 1688 618 1746 ὄψιν
638 1690 683 1733 ἐν
703 1691 905 1733 λιταῖσιν·

509 1760 677 1819 ὕψοθεν
698 1761 734 1804 δ’

510 1832 556 1877 εὖ
577 1832 698 1876 κλύοι
720 1832 994 1889 καλούμενος.

160 1930 397 2005 Nempe
441 1930 787 2006 significant,
833 1930 891 1986 id
930 1930 1086 2004 quod
1127 1929 1396 2005 Apollini
1437 1929 1618 1985 tribui
1661 1929 1913 1985 vidimus

157 2029 311 2104 apud
338 2028 763 2093 Eumenidasm‚
796 2046 938 2094 esse,
963 2046 1098 2101 quae
1130 2027 1565 2101 quodammodo
1599 2025 1795 2082 Deum
1828 2027 1913 2101 ip-

157 2145 286 2182 sum
329 2125 677 2200 gubernent,
715 2124 909 2200 leges;
958 2124 1235 2180 immotas
1270 2123 1399 2181 illas
1441 2132 1621 2198 atque
1667 2131 1913 2179 aeternas

157 2223 306 2297 aequi
350 2222 605 2296 bonique
650 2221 940 2277 rationes:
986 2221 1201 2295 quibus
1232 2221 1332 2295 qui
1363 2219 1577 2276 Jovem
1618 2221 1913 2294 precando

156 2325 386 2394 urgent,
418 2317 458 2373 ii
490 2318 681 2374 verbis
711 2317 947 2392 quidem
982 2318 1056 2373 ab
1088 2336 1158 2373 eo
1189 2335 1507 2391 provocare
1534 2317 1825 2384 videntur,
1852 2337 1914 2373 re

157 2414 282 2489 ipsa
319 2421 447 2470 tum
490 2415 752 2471 maxime
792 2415 865 2470 ad
896 2414 1021 2488 ejus
1051 2415 1228 2470 fidem
1261 2413 1647 2488 confugiunt:
1697 2413 1914 2489 quippe

159 2511 323 2586 cujus
363 2530 653 2567 summam
699 2515 760 2567 et
805 2529 1139 2585 supremam
1174 2508 1540 2566 voluntatem
1579 2510 1916 2584 exprimant

159 2605 274 2669 illae
303 2606 443 2681 ipsae
472 2604 651 2681 leges.

246 2702 457 2776 Itaque
500 2702 561 2757 in
599 2701 806 2758 harum
851 2700 1199 2776 Supplicum
1244 2701 1500 2777 negotio,
1533 2721 1697 2776 aeque
1741 2722 1810 2759 ao
1854 2704 1913 2758 in

162 2795 540 2863 Prometheo,
586 2795 872 2870 pietatem
926 2815 1091 2853 suam
1137 2795 1450 2872 AEschylus
1499 2798 1913 2854 intemeratam

161 2899 223 2949 et
262 2892 500 2948 illaesam
542 2893 811 2949 servavit.
904 2892 1121 2968 Neque
1151 2893 1407 2950 minores
1436 2901 1632 2968 partes
1663 2894 1721 2950 N
1727 2894 1914 2950 umini

161 2989 368 3046 tribuit
414 2984 475 3044 in
520 3008 583 3045 re
635 2990 957 3046 domestica
1007 2997 1186 3065 atque
1237 2991 1298 3047 in
1348 2989 1598 3048 fortunis
1649 2991 1916 3048 foemina-

162 3104 313 3152 rum,
346 3104 520 3161 quam
551 3095 688 3142 ante
726 3087 786 3142 in
816 3086 1086 3144 civilibus
1116 3088 1269 3144 curis
1300 3095 1361 3144 et
1392 3088 1451 3143 in
1483 3088 1692 3145 studiis
1727 3088 1916 3164 philo-

164 3181 479 3256 sophorum
510 3182 818 3239 tribuerat.

248 3276 422 3344 Quod
452 3278 500 3333 si
529 3278 697 3334 nobis
733 3298 851 3335 non
890 3279 1196 3336 invidisset
1227 3286 1563 3355 temporum
1595 3280 1791 3355 lapsus
1822 3300 1917 3337 ea-

223 3452 240 3477 ¹‘
262 3453 403 3496 Exod.
420 3468 492 3511 32.
512 3468 590 3506 123
626 3456 754 3499 Num.
774 3471 944 3513 14.13;
977 3457 1099 3500 Josh.
1120 3467 1159 3514 7.
1179 3471 1232 3514 93
1269 3458 1392 3500 Rom.
1411 3471 1513 3514 9.3.
1654 3456 1796 3512 lSup.
1819 3468 1915 3514 175.

167 3530 194 3548 ¹¹¹
217 3524 318 3568 Vid.
341 3533 456 3577 ante,
479 3541 523 3583 p.
542 3541 643 3583 431.
