2288 4036
158 284 310 319 PRAEL.
329 282 475 314 xxix.
576 260 801 330 auyuria
824 258 1060 328 quaedam
1085 257 1145 310 de
1169 257 1272 326 ejus
1295 256 1505 310 ratione.
1792 258 1926 313 599:

381 400 556 445 Ἑλλάδ’
579 401 636 445 ὡς
655 398 948 456 ἠλευθέρωσα,
969 396 1175 454 μακαρίον
1194 395 1436 454 γενήσεται.

382 473 450 517 καὶ
469 473 552 531 γὰρ
574 471 677 515 οὐδέ
694 488 760 514 τοι
780 471 878 514 λίαν
897 469 954 528 γε’
971 488 1044 526 μοι
1064 469 1339 526 φιλοψυχεῖν
1357 469 1510 525 χρεών·

382 548 491 589 πᾶσι
510 545 594 602 γάρ
615 542 657 600 μ’
694 544 866 598 Ελλησι
887 543 1025 585 κοῖνόν
1043 540 1087 598 μ’
1109 541 1263 592 ἔτεκες,
1284 540 1382 597 οὐχὶ
1404 539 1477 584 σοὶ
1497 541 1618 596 μόνῃ.

382 615 498 659 ἀλλὰ
516 613 660 671 μυρίοι
679 613 757 670 μὲν
778 612 928 669 ἄνδρές
948 611 1132 656 ἀσπίσιν
1151 610 1464 669 πεφραγμένοι,

383 684 526 743 μύριοι
547 684 583 728 δ’
606 683 743 742 ἐρέτμ’
766 684 954 740 ἔχοντες,
976 683 1182 740 πατρίδος
1201 681 1463 738 ἠδικημένης,

383 759 490 816 δρᾶν
509 775 550 801 τι
569 755 869 813 τολμήσουσιν
889 755 1087 813 ἐχθροὺς,
1107 755 1247 813 χῦπὲρ
1262 753 1476 798 Ἑλλάδος
1496 753 1650 803 θανεῖν,

384 829 408 885 ἡ
430 829 466 873 δ’
489 829 566 885 ἐμὴ
587 828 713 886 ψυχὴ
734 826 791 884 μι’
814 826 940 879 οὖσα,
962 828 1101 872 πάντα
1121 825 1309 871 κωλύσει
1329 825 1431 870 τάδε
1443 843 1457 877 3

389 935 398 946 .
416 934 426 946 .
447 935 457 946 .
475 935 485 945 .
501 899 599 944 ἀλλ’
620 899 852 958 ἀμήχανον·
886 900 1036 956 δίδωμι
1058 904 1183 956 σῶμα
1203 899 1361 955 τούμὸν
1379 897 1575 941 Ἑλλάδι.

383 972 510 1024 θύετ’,
533 972 779 1030 ε’κπορθεῖτε
799 971 968 1030 Τροίαν·
999 974 1133 1015 ταῦτα
1152 972 1235 1029 γὰρ
1255 970 1435 1027 μνημεῖά
1454 987 1537 1026 μου

383 1045 453 1088 διὰ
472 1047 650 1102 μακροῦ,
672 1044 742 1087 καὶ
760 1043 909 1089 παῖδες
929 1042 1062 1095 οὗτοι,
1085 1043 1154 1086 καὶ
1174 1043 1318 1101 γάμοι,
1341 1042 1409 1085 καὶ
1430 1039 1519 1096 &of
1543 1038 1635 1097 ε’μή.

236 1138 441 1213 Atque
480 1139 540 1194 in
584 1137 745 1194 hisce
785 1137 1185 1194 exscribendis
1215 1157 1286 1194 eo
1317 1156 1448 1194 sum
1483 1136 1727 1212 longior,
1761 1153 1903 1208 quo-

154 1237 328 1303 niam,
371 1240 440 1290 ut
482 1232 627 1290 mihi
660 1233 900 1308 quidem
944 1234 1194 1300 videtur,
1236 1232 1363 1308 ipsa
1407 1251 1525 1307 prae
1561 1250 1623 1289 se
1659 1248 1903 1288 excusa-

155 1333 375 1388 tionem
419 1330 617 1387 ferunt
661 1348 843 1396 suam,
885 1338 946 1386 et
989 1329 1205 1386 mutati
1250 1328 1475 1386 consilii
1519 1329 1744 1385 crimen
1779 1346 1907 1384 ver-

156 1433 291 1484 tunt
340 1425 402 1481 in
455 1425 692 1482 laudem
741 1444 861 1481 non
906 1413 1244 1481 minimam(
1321 1423 1484 1480 Nam
1524 1424 1728 1498 quidni
1779 1423 1906 1479 fieri

156 1522 411 1597 potuisse
447 1521 801 1595 judicemuS,
847 1527 915 1576 ut
951 1520 1012 1575 in
1055 1538 1119 1576 re
1163 1525 1287 1575 tam
1327 1525 1507 1586 arcta,
1552 1525 1676 1575 tam
1721 1517 1905 1594 gravi,

155 1625 276 1675 tam
319 1618 595 1692 praesent-i
641 1616 905 1674 Deorum
950 1615 1376 1673 immortalium
1424 1614 1708 1680 Numine,
1750 1614 1908 1671 ultro

157 1714 420 1770 venirent
478 1713 580 1770 illa
637 1713 835 1770 omnia
890 1713 951 1768 in
1009 1718 1274 1769 mentem
1331 1711 1602 1787 ingenuae
1657 1709 1906 1787 virgini?

155 1810 474 1885 praesertim
505 1828 638 1884 quae
683 1828 759 1865 ne
802 1816 978 1866 antea
1007 1808 1250 1884 quidem
1295 1808 1435 1864 satis
1479 1826 1555 1863 ex
1599 1806 1777 1863 animi
1819 1806 1909 1863 sui

157 1905 446 1962 sententia
480 1904 677 1962 flebile
716 1905 863 1961 illud
901 1912 964 1962 et
999 1905 1300 1980 abjectum
1334 1904 1504 1979 (pace
1535 1903 1660 1979 ejus
1691 1904 1907 1978 dicam)

156 2001 430 2058 cecinisse
467 2002 755 2058 videatur.
845 2002 1081 2077 Quippe
1124 2002 1210 2058 ita
1252 2001 1593 2075 conjectura
1632 1999 1907 2075 equidem

157 2117 424 2175 auguror,
454 2117 590 2155 cum
633 2098 850 2155 iterum
895 2099 1232 2173 iterumque
1271 2096 1470 2174 relego
1505 2097 1907 2155 suavissimam

158 2195 279 2271 ejus
310 2194 739 2252 oratiunculam
759 2206 804 2251 a,

447 2303 485 2346 εἶ
503 2303 582 2360 μὲν
601 2303 677 2347 τὸν
695 2302 894 2361 Ὀρφέως
916 2299 1048 2361 εἶχον,
1070 2302 1104 2347 ὦ
1124 2303 1274 2362 πάτερ,
1297 2304 1434 2361 λόγον

443 2375 606 2419 πείθειν
626 2374 847 2431 ἐπᾴδουσ’,
871 2374 977 2419 ὥσθ’
1000 2376 1201 2432 ὁμαρτεῖν
1219 2393 1293 2431 μοι
1313 2374 1487 2432 πέτρας,

448 2446 612 2491 ἐνταῦθ’
634 2445 684 2492 ἂν
703 2446 851 2503 ἦλθον·
885 2450 958 2492 νῦν
979 2448 1040 2500 δέ,
1064 2446 1161 2493 τάπ’
1187 2447 1291 2504 ἐμοῦ
1312 2448 1437 2505 σοφὰ

447 2519 608 2577 δάκρυα
627 2519 814 2577 παρέξω·
848 2522 981 2563 ταῦτα
1000 2520 1085 2576 γὰρ
1107 2518 1320 2575 δυναιμεθ
1341 2519 1406 2563 ἅν.

160 2614 245 2673 Ut
289 2614 404 2672 sint
455 2614 876 2692 elegantissimi
921 2635 1136 2681 versus,
1183 2633 1389 2673 vereor
1430 2623 1647 2682 tamen,
1694 2634 1768 2672 ne
1820 2634 1908 2672 sa-

158 2711 319 2785 piant
363 2711 601 2787 aliquod
646 2713 720 2769 de
764 2711 1014 2769 rhetoris
1059 2711 1322 2778 officina;
1375 2731 1491 2786 qua
1534 2719 1660 2769 arte
1707 2712 1909 2787 primis

158 2807 231 2864 ab
259 2808 423 2866 annis
463 2809 761 2866 imbutum
792 2810 971 2866 fuisse
1007 2810 1174 2866 aiunt
1206 2808 1573 2883 Euripidem.
1663 2808 1908 2865 Poterat

158 2903 360 2978 utique
402 2904 600 2980 puella
640 2905 851 2962 nobilis
883 2905 1169 2981 ejusmodi
1210 2905 1561 2980 prooemium
1597 2923 1714 2960 non
1755 2903 1909 2961 male

158 2999 465 3059 adhibere:
512 3002 559 3059 si
589 3003 766 3059 modo
806 3009 966 3060 recte
997 3003 1361 3077 suspicamur
1390 3020 1521 3059 eam
1551 3021 1670 3059 non
1700 3009 1909 3077 sponte

159 3093 332 3169 loqui,
363 3096 465 3152 sed
495 3103 778 3172 tanquam
808 3117 843 3154 a
871 3104 1060 3154 matre
1091 3097 1383 3155 edoctam.
1471 3098 1707 3155 Deinde
1737 3118 1910 3156 cursu

158 3189 297 3265 ipso,
327 3203 397 3249 ut
425 3191 509 3260 fit,
541 3201 721 3269 atque
750 3194 982 3269 impetu
1011 3194 1295 3252 sermonis
1325 3196 1414 3252 sui
1445 3196 1565 3253 cito
1596 3195 1908 3263 calescenS‚

159 3289 484 3363 prorumpit
514 3289 574 3345 in
604 3289 721 3356 illa,
755 3289 1008 3347 Naturae
1040 3290 1279 3365 verique
1307 3292 1579 3367 propiora
1598 3288 1657 3348 b:

446 3397 591 3452 πρώτη
614 3395 656 3440 ‹r'
680 3396 866 3440 ἐκάλεσα
885 3396 1064 3453 πατέρα,
1087 3397 1155 3440 καὶ
1176 3397 1234 3442 σὺ
1253 3398 1368 3442 παῖδ’
1391 3398 1481 3455 ε’μέ’

449 3470 594 3524 πρώτη
617 3469 678 3521 δὲ,
699 3470 854 3528 γονάσι
877 3472 999 3515 σοῖσι
1022 3475 1146 3528 σῶμα
1167 3467 1290 3516 δοῦσ’
1315 3472 1430 3528 ε’μὸν,

337 3612 360 3636 ²
382 3606 475 3662 ka.
499 3607 544 3650 in
566 3608 660 3651 Aul·
691 3622 817 3652 1222.
1057 3666 1061 3669 Α
1424 3610 1446 3641 b
1468 3610 1577 3654 Ibid.
1607 3624 1731 3667 1231.
