2288 4036
347 203 458 258 624
577 205 816 271 Quanam
842 224 904 257 ew
918 213 1079 275 parte
1106 206 1254 257 Poesi
1280 205 1509 258 caruerit
1534 207 1786 260 Ecclesia.
1833 227 1993 261 PRAEL.
2016 228 2147 262 xxx.

347 350 534 409 Musa
581 352 859 418 caruerit,
910 352 972 408 in
1027 371 1214 428 quam
1266 351 1452 410 solam
1509 354 1723 411 cadere
1774 373 1895 411 non
1947 362 2149 430 posset

343 449 645 526 aegritudo
686 449 803 506 ista
838 456 1085 526 propter
1115 468 1298 508 vanos
1342 449 1598 519 labores,
1627 452 1938 528 vitamque
1974 452 2150 509 mini-

342 565 442 603 me
474 547 719 605 vitalem
752 548 1109 605 miserorum
1140 546 1509 605 mortalium.

429 643 759 703 Mittanius
798 643 1078 712 Hebraea,
1111 645 1186 703 ad
1233 664 1458 722 eosque
1495 647 1809 704 veniamus
1852 646 2148 717 homines,

341 743 444 817 qui
497 742 675 819 primi
724 742 971 800 nomina
1016 742 1316 801 dederunt
1363 743 1582 800 nostris
1627 744 1824 810 sacris,
1869 764 2148 821 veraeque

342 837 783 916 Philosophiae:
831 860 1086 917 quorum
1133 860 1332 917 neque
1377 840 1573 899 aliena
1608 848 1702 899 est
1741 842 1912 910 rati0,
1951 861 2149 919 neque

341 943 547 995 tamen
578 938 822 1014 penitus
853 940 1083 997 eadem.
1175 939 1424 997 Etenim
1454 941 1664 999 multis
1695 947 1861 999 certe
1891 940 2146 1008 saeculiS,

339 1042 409 1092 ut
440 1053 651 1094 verum
693 1037 902 1106 fatear,
941 1040 1208 1115 requiras
1252 1040 1315 1096 in
1362 1046 1739 1098 sacrosancta
1782 1039 1887 1096 illa
1930 1039 2150 1116 repub-

339 1134 472 1204 lica,
517 1154 638 1193 non
686 1136 883 1194 dicam
929 1137 1034 1195 illa
1078 1137 1421 1215 Virgiliana
1460 1139 1659 1206 mod0,
1708 1139 1813 1195 sed
1858 1143 1923 1195 et
1968 1137 2148 1195 aliam

338 1234 613 1309 quamvis
669 1233 907 1292 Poesin.
999 1234 1162 1305 Quid
1212 1235 1342 1293 ita?
1421 1234 1744 1304 Quoniam,
1799 1235 2000 1304 cred0,
2054 1236 2149 1308 (ut

336 1333 652 1392 immensae
690 1335 1006 1410 quaestioni
1049 1335 1194 1393 satis
1228 1334 1439 1411 jejune
1479 1334 1938 1411 respondeatur)
1982 1332 2150 1391 nulla

337 1429 425 1488 illi
471 1429 829 1490 laborabant
869 1433 1087 1510 inopia,
1117 1432 1286 1491 nullo
1327 1432 1502 1490 sortis
1542 1432 1888 1490 excelsioris
1917 1431 2150 1490 deside-

337 1530 443 1598 ri0,
476 1531 574 1588 cui
614 1530 694 1589 ad
736 1538 980 1608 tempus
1011 1531 1269 1590 levando
1301 1531 1688 1608 comparandi
1721 1537 1893 1589 erant
1926 1549 2145 1589 versus.

337 1628 583 1705 Quippe
608 1630 740 1706 jam
771 1629 914 1687 inde
951 1650 987 1688 a
1030 1631 1324 1707 prin-cipio
1354 1629 1598 1687 illorum
1635 1648 1940 1687 sacrorum
1971 1629 2150 1688 intel-

338 1726 616 1785 lexerant
664 1747 732 1786 se
785 1729 1109 1806 participes
1157 1748 1289 1787 esse
1335 1728 1528 1786 factos
1574 1729 1766 1786 beatae
1815 1747 1884 1786 ac
1933 1727 2149 1786 divinae

338 1825 502 1883 vitae.
574 1825 722 1883 Non
754 1846 897 1904 ergo
928 1827 1064 1894 illis,
1090 1829 1248 1885 sicut
1275 1825 1637 1894 Homericis,
1662 1826 1987 1884 mulcenda
2017 1833 2148 1884 erat

337 1929 650 2000 utcunque
710 1926 1076 1984 carminibus
1136 1925 1410 1983 absentia
1474 1925 1559 1982 rei
1621 1943 1800 2001 quam
1875 1926 2148 2001 impense

338 2020 662 2090 amabant3
713 2041 911 2097 neque
943 2041 1083 2080 cum
1110 2021 1374 2099 Virgilio
1404 2021 1774 2099 deploranda
1804 2041 1929 2080 sors
1959 2022 2149 2080 totius

338 2118 754 2188 humanitatiS,
782 2120 879 2178 cui
910 2119 1062 2177 nihil
1092 2138 1332 2197 prorsus
1362 2120 1608 2178 beatum
1645 2122 1879 2187 evadat,
1905 2126 2147 2178 tantum

336 2216 554 2274 solatio
586 2218 660 2275 ad
693 2224 937 2295 tempus
968 2219 1089 2276 sint
1118 2239 1258 2276 rura
1288 2218 1612 2296 sylvaeque.

424 2313 524 2372 Ac
555 2315 808 2374 fortasse
851 2316 1171 2385 miremini,
1205 2336 1466 2393 quanam
1512 2317 1762 2385 ratione,
1796 2336 1936 2374 cum
1966 2335 2147 2374 nemo

326 2413 559 2488 justam
593 2421 906 2472 exerceret
931 2413 1263 2482 Poeticam,
1289 2415 1601 2491 potuerint
1632 2416 1775 2473 satis
1806 2413 1918 2473 sibi
1950 2415 2147 2473 facere

336 2510 518 2587 plena
554 2513 776 2571 sanctis
818 2513 1124 2571 amoribus
1168 2519 1435 2589 pectora.
1529 2512 1764 2572 Praesto
1795 2521 1967 2571 erant
1996 2514 2147 2571 vati-

336 2609 497 2666 cinia
542 2607 960 2677 Hebraeorum,
1010 2609 1303 2669 Ecclesiae
1352 2630 1562 2688 preces
1603 2631 1907 2688 sacraeque
1957 2612 2146 2670 canti-

337 2705 514 2775 lenae,
555 2706 1106 2775 Sacramentorum,
1154 2729 1293 2786 quae
1343 2717 1652 2779 vocantur,
1698 2710 1937 2767 infinita
1980 2729 2145 2786 quae-

338 2806 476 2863 dam
531 2807 721 2883 copia.
820 2806 982 2865 Ecce
1036 2806 1149 2864 tibi
1197 2815 1322 2866 tres
1377 2809 1545 2884 quasi
1600 2828 1766 2866 venae
1816 2809 2142 2867 verissimae

340 2903 618 2970 Poeseos,
651 2910 714 2962 et
746 2904 965 2962 divites
993 2905 1276 2980 quidem:
1319 2925 1576 2982 quarum
1609 2926 1723 2983 ope
1755 2906 1990 2964 exitum
2022 2925 2142 2964 non

337 3001 792 3060 incommodum
830 3004 1061 3079 possint
1091 3004 1353 3080 reperire
1395 3004 1511 3062 sibi
1544 3005 1839 3063 desideria
1883 3006 2141 3081 piorum,

338 3099 453 3156 etsi
484 3100 687 3158 nullus
719 3120 987 3177 unquam
1019 3101 1418 3160 concludatur
1440 3121 1662 3169 verSUS,
1690 3101 1914 3159 nullius
1937 3101 2141 3179 digitis

334 3195 579 3272 syllabae
619 3205 1031 3256 numerentur.
1121 3199 1329 3260 Verbo
1374 3200 1587 3268 dicam,
1633 3199 1893 3258 Poeseos
1937 3198 2140 3257 locum

334 3296 655 3370 occupavit
692 3297 854 3371 apud
889 3297 1146 3374 majores
1185 3305 1421 3356 nostros
1466 3317 1683 3356 arcana
1714 3297 1930 3356 divinae
1962 3294 2141 3356 Veri-

332 3393 476 3450 tatis
507 3393 679 3450 ratio.
771 3393 951 3462 Quod
983 3401 1210 3463 contra,
1242 3396 1304 3452 hi
1337 3397 1438 3472 qui
1476 3415 1637 3453 nunc
1679 3401 1821 3453 sunt
1864 3394 2138 3452 homines

332 3489 510 3547 facile
548 3497 756 3548 carent
788 3492 1080 3549 diviniore
1119 3492 1514 3569 philosophia,
1549 3493 1822 3551 contenti
1853 3491 2136 3554 videlicet

331 3588 549 3646 umbra
578 3589 838 3665 quadam
872 3588 1148 3647 poeseos,
