2288 4036
311 189 426 240 548
643 188 856 241 Manita
882 186 1033 258 apud
1054 187 1361 240 Pindarum
1390 187 1698 241 obscuriora.
1777 208 2125 247 PRAEL.xxv11.

560 323 620 381 μὴ
641 322 789 382 παρίει
811 322 939 366 καλά·
973 322 1094 379 νώμα
1116 321 1267 383 δικαίῳ
1281 322 1484 384 πηδαλίῳ
1507 324 1715 382 στρατόν·
1739 322 1930 382 ἀψευδεῖ
1946 325 1993 369 δὲ
2015 327 2129 385 πρὸς

619 397 773 454 ἄκμονι
794 396 986 453 χάλκευε
1006 396 1242 454 γλῶσσαν·

557 469 602 515 εἴ
617 488 660 515 τι
679 469 751 513 καὶ
771 469 980 528 φλαῦρον
999 466 1316 527 παραιθύσσει,
1338 467 1453 529 μέγα
1474 489 1541 515 τοι
1563 470 1748 529 φέρεται

558 544 651 604 πὰρ
680 542 827 588 σέθεν·
857 543 1043 587 πολλῶν
1068 542 1224 600 ταμίας
1252 542 1374 588 ε’σσί”
1409 544 1575 589 πολλοὶ
1606 543 1825 614 μαρτύρες
1856 544 2130 606 ἀμφοτέροις

764 616 775 632 ι

616 635 788 662 πιστοι.

312 709 637 786 Deinceps,
693 707 855 785 quod
907 708 1208 785 praecipue
1260 710 1499 778 mirere,
1552 711 1904 789 perstringit
1957 712 2125 788 quasi

314 808 584 884 sumptui
616 812 985 883 parcentem,
1013 826 1126 864 nec
1158 813 1324 865 tecte
1354 807 1503 865 illud
1539 809 1805 885 quidem.

559 921 732 968 εὐανθεῖ
751 920 789 967 δ’
813 921 860 967 ἐν
881 921 994 982 ὄργᾷ
1014 922 1261 981 παρμένων,

556 995 680 1056 εἴπερ
711 1015 754 1041 τι
783 997 935 1056 φιλεῖς
959 996 1112 1043 ἇστῶν
1141 996 1277 1042 άκοὰν
1304 997 1454 1043 ἁδεῖαν
1477 998 1545 1042 ἀεὶ
1574 997 1734 1052 κλύειν,
1769 998 1827 1057 μὴ
1865 999 1997 1057 κάμνε
2024 998 2131 1044 λίαν

622 1071 849 1124 δαπάναις,

560 1145 667 1202 ἐξίει
690 1143 728 1189 δ’
751 1145 905 1204 ὥσπερ
927 1146 1195 1204 κυβερνάτας
1215 1144 1323 1204 ἀνὴρ

556 1217 704 1265 ἵστιον
729 1218 924 1277 ἀνεμόεν·
968 1219 1028 1277 μὴ
1062 1218 1280 1276 δολωθῇς,
1320 1218 1354 1263 ὦ
1387 1218 1540 1278 φίλος,
1575 1219 1869 1278 εὐτραπέλοις
1902 1219 2127 1279 κέρδεσσ’·

619 1293 950 1352 ὀπιθόμβροτον
970 1295 1145 1352 αὔχημα
1168 1293 1303 1351 δόξας

561 1363 655 1413 οἷον
676 1366 981 1427 ἀποιχομένων
1001 1367 1172 1427 ἀνδρῶν
1194 1367 1362 1413 διαίταν
1382 1367 1535 1426 μανύει

556 1441 628 1485 καὶ
649 1441 820 1500 λογίοις
841 1441 912 1485 καὶ
933 1440 1112 1487 ἀοιδοῖς·

555 1515 608 1560 οὗ
628 1515 778 1575 φθίνει
800 1514 999 1574 Κροίσου
1020 1515 1264 1574 φιλόφρων
1284 1514 1433 1573 ἀρετά.

310 1603 495 1663 Dicat
540 1604 775 1682 aliquis,
821 1604 1032 1663 lusisse
1078 1604 1438 1681 plerumque
1477 1601 1742 1681 LyricOS,
1781 1602 1950 1661 nulla
1991 1603 2128 1662 reli-

309 1705 507 1782 gione,
540 1703 603 1761 in
634 1703 931 1781 ejusmodi
973 1702 1259 1782 largitate
1297 1702 1691 1762 celebranda:
1745 1722 1966 1780 nempe
1999 1722 2128 1760 mo-

309 1821 440 1860 rem
487 1801 659 1860 illum
708 1821 838 1860 esse
887 1802 1170 1860 omnibus
1217 1802 1382 1860 omni
1432 1809 1708 1879 tempore
1758 1802 2126 1860 cantoribus

313 1899 570 1959 Fateor:
616 1909 679 1959 at
719 1900 1005 1960 libertate
1051 1908 1259 1958 tamen
1301 1900 1421 1957 frui
1464 1900 1722 1957 dixerim
1768 1919 1891 1957 non
1935 1901 2127 1959 medi-

311 2000 451 2069 ocri,
485 2001 587 2077 qui
620 2019 827 2079 regem
859 2019 1105 2059 suarum
1146 2019 1350 2058 rerum
1389 1998 1672 2057 columen
1718 2018 1840 2056 non
1886 2006 2125 2058 metuat

313 2099 446 2157 istis
477 2100 743 2177 aggredi.

395 2197 715 2257 Hactenus
761 2199 838 2257 de
890 2199 1115 2277 apertis
1176 2206 1239 2257 et
1297 2198 1551 2255 minime
1604 2197 1946 2275 ambiguis:
2017 2197 2122 2255 sed

309 2297 508 2356 multo
555 2305 697 2356 sunt
741 2297 916 2375 plura
946 2298 1019 2372 (si
1051 2297 1423 2356 credendum
1458 2297 1820 2355 doctissimis
1864 2296 2125 2354 homini-

310 2396 468 2475 bus‚)
502 2417 634 2473 quae
674 2403 895 2475 tegunt
935 2396 1257 2478 παρρησίαν
1295 2395 1465 2454 illam
1497 2395 1664 2472 quasi
1697 2393 1846 2452 velis
1878 2395 2125 2472 quibus-

311 2498 450 2555 dam
490 2503 554 2554 et
593 2496 954 2566 involucris;
1001 2495 1243 2554 selectis
1275 2495 1559 2556 videlicet·
1605 2513 1684 2555 ex
1732 2494 1898 2552 omni
1939 2514 2126 2553 anna-

308 2596 469 2675 lium*
488 2597 801 2665 memoria,
820 2603 892 2654 ut
916 2615 1177 2672 quaeque
1202 2595 1566 2653 videbantur
1589 2594 1664 2653 ad
1692 2602 2120 2672 argumentum

307 2696 589 2753 carminis
629 2696 921 2772 cujusque
962 2694 1239 2772 proxime
1281 2694 1588 2755 accedere.
1680 2691 1876 2752 Verbi
1905 2694 2120 2771 gratia,

303 2794 735 2856 Telesicratem
782 2794 1051 2864 laudans,
1091 2793 1450 2871 Cyrenaeum
1487 2792 1804 2869 juvenem,
1842 2797 1913 2848 ut
1955 2792 2120 2849 vide-

307 2903 424 2960 tur,
458 2893 533 2951 de
563 2894 1053 2970 protervioribUS,
1080 2899 1249 2951 totus
1280 2891 1343 2949 in
1369 2889 1796 2968 Epithalamiis
1828 2896 2117 2959 versatur,

306 3011 541 3049 amores
572 2991 883 3050 celebrans
918 2993 1114 3069 primo
1146 2991 1414 3069 Cyrenes
1446 2997 1509 3048 et
1542 2988 1865 3066 Apollinis,
1899 2989 2118 3047 deinde

304 3088 658 3148 Alexidami
703 3090 1033 3167 cujusdam,
1073 3092 1175 3167 qui
1223 3097 1287 3149 et
1331 3091 1459 3167 ipse
1505 3108 1710 3147 cursor
1755 3089 1973 3158 fuerat,
2012 3107 2118 3165 pe-

307 3189 576 3267 dumque
620 3189 981 3266 pernicitate
1029 3195 1346 3267 paraverat
1392 3188 1504 3246 sibi
1550 3188 1963 3246 conditionem
2007 3186 2116 3245 ho-

304 3288 728 3358 nestissimam,
762 3287 1114 3347 Nomadum
1149 3289 1307 3367 regis
1338 3287 1584 3346 filiam0.

487 3397 601 3443 οὕτω
623 3397 660 3442 δ’
685 3397 831 3442 ἐδίδου
853 3397 992 3452 Λίβυς
1011 3397 1215 3456 ἁρμόζων
1236 3399 1343 3456 κόρᾳ

494 3472 686 3531 νυμφίον
717 3470 868 3530 ἄνδρα·
914 3472 1018 3516 ποτὶ
1054 3474 1234 3531 γραμμᾷ
1271 3471 1351 3528 μὲν
1387 3470 1520 3517 αὐτὰν
1559 3472 1703 3516 στᾶσε
1741 3467 2004 3527 κοσμήσαις,
2041 3468 2131 3514 ‘ri--

546 3547 627 3596 λος
648 3545 782 3603 ἔμμεν
803 3544 951 3603 ἄκρον,

1013 3662 1036 3685 0
1061 3655 1194 3713 Pyth.
1219 3669 1263 3713 9.
1290 3654 1393 3699 206.
