2288 4036
176 1219 770 1289 PRAELECTIO
824 1221 1308 1289 VIGESIMA
1365 1218 1822 1287 SEPTIMA.

121 1653 374 1706 Pindarum,
411 1654 578 1699 idoneis
609 1655 662 1699 de
696 1657 853 1709 causis,
891 1656 1169 1715 optimatibus
1197 1671 1244 1700 se
1274 1655 1495 1699 addixisse
1508 1675 1521 1698 .·
1558 1655 1625 1697 ita
1657 1659 1798 1697 tamen
1829 1658 1878 1697 ut

180 1727 294 1769 omni
314 1732 505 1770 uteretur
526 1730 764 1788 παρρησίᾳ,
781 1730 928 1787 primo
959 1729 1010 1773 ob
1028 1730 1198 1785 sortem
1219 1729 1480 1785 hilaremque
1499 1727 1638 1785 ipsius
1657 1725 1842 1769 indolem
1854 1744 1875 1774 ,-

179 1797 330 1842 deinde
358 1799 474 1856 quod
500 1802 566 1844 ita
594 1803 695 1845 tulit
726 1803 816 1858 (ᾔεις
841 1802 1044 1859 temporis
1064 1802 1178 1845 ratio
1191 1819 1212 1850 ,·
1245 1801 1424 1844 macc-ime
1443 1814 1540 1844 vere
1561 1800 1612 1843 ob
1632 1799 1876 1855 reliyiones,

178 1883 271 1912 cum
292 1875 334 1913 et
345 1871 503 1915 Manes
523 1888 612 1916 esse
634 1874 837 1926 crederet,
856 1879 898 1917 et
918 1874 988 1918 hic
1010 1888 1174 1931 quoque
1194 1874 1267 1930 aqi
1287 1887 1433 1917 coram
1454 1871 1611 1915 animis
1627 1870 1876 1914 Beatorum.

209 2016 479 2075 *ENIO
510 2036 667 2074 nunc
696 2018 769 2074 ad
801 2024 1132 2075 extremam
1172 2023 1420 2092 partem,
1452 2034 1704 2090 eamque
1745 2033 1878 2091 gra-

307 2114 620 2182 vissimam,
652 2134 855 2171 eorum
892 2134 1021 2189 quae
1065 2114 1139 2172 ad
1184 2113 1508 2171 Pindarum
1552 2113 1873 2188 pertinent.

122 2215 287 2274 Nam
331 2232 408 2271 ex
457 2211 590 2287 lege
634 2212 888 2287 suscepti
932 2212 1122 2287 operis
1165 2211 1338 2268 video
1381 2210 1529 2267 mihi
1574 2209 1877 2285 disputan-

123 2312 265 2368 dum
296 2328 422 2367 esse
455 2309 632 2365 hodie
663 2309 736 2366 de
768 2308 981 2384 Lyrica
1022 2308 1125 2366 illa
1162 2307 1441 2365 libertate
1471 2326 1540 2364 ac
1570 2305 1873 2385 παρρησίᾳ,

121 2426 296 2482 quam
348 2404 450 2461 ille
501 2405 666 2479 quasi
719 2404 976 2479 quodam
1026 2422 1191 2461 more
1240 2404 1531 2479 majorum
1580 2402 1875 2479 plerisque

123 2502 477 2561 carminibus
520 2507 739 2558 tuetur.
828 2499 923 2558 De
970 2519 1086 2575 qua
1137 2519 1201 2557 re
1250 2499 1428 2557 altius
1478 2500 1765 2577 cogitanti
1814 2500 1876 2556 id

123 2600 378 2675 primum
425 2616 730 2654 occurrere
781 2596 948 2665 solet,
1000 2598 1218 2655 satisne
1269 2598 1541 2673 cuiquam
1595 2597 1877 2655 credibile

124 2715 249 2753 esse
276 2695 560 2761 videatur,
593 2694 692 2769 qui
713 2694 841 2769 jam
871 2713 1053 2752 senex
1084 2694 1281 2752 animo
1311 2694 1490 2751 fuerit
1521 2700 1646 2751 tam
1677 2701 1877 2751 erecto

124 2798 186 2848 et
236 2792 467 2848 intento
525 2790 586 2846 in
643 2791 990 2847 memoriam
1041 2809 1244 2848 earum
1290 2808 1487 2847 rerum
1538 2808 1682 2866 quas
1732 2809 1881 2865 puer

124 2887 528 2953 adamavisset,
554 2884 819 2961 ejusdem
849 2885 976 2941 fore
1006 2885 1371 2942 severissima
1400 2885 1660 2953 consilia,
1686 2885 1879 2942 dubiis

124 2984 467 3060 magnisque
506 2981 775 3058 negotiis,
806 2981 972 3038 nullo
1015 3000 1223 3058 regum
1261 2989 1447 3051 metu,
1477 2983 1699 3039 nedum
1735 2983 1881 3039 ami-

127 3099 328 3137 corum
364 3097 633 3136 suorum:
682 3079 893 3153 quibus
932 3080 1113 3136 etiam
1151 3098 1271 3136 non
1309 3099 1439 3137 raro
1470 3080 1633 3155 quasi
1673 3098 1880 3136 cumu-

127 3176 251 3233 lum
309 3176 562 3251 imponit
622 3177 1014 3234 sanctissimas
1071 3176 1338 3234 Deorum
1394 3176 1723 3254 religiones,
1776 3194 1880 3233 seu

133 3272 404 3330 Manium
446 3273 567 3329 sive
598 3271 976 3348 Superorum.
1060 3272 1291 3330 Poterit
1333 3273 1544 3349 aliquis
1587 3271 1881 3341 admirari,

131 3389 316 3445 ecqua
355 3370 597 3426 tandem
638 3376 765 3426 arte
807 3369 1137 3427 cohaereant
1177 3377 1356 3446 atque
1390 3371 1547 3428 inter
1583 3389 1644 3427 se
1673 3375 1883 3426 mutuo

133 3466 465 3540 conspirent
493 3466 631 3522 hinc
660 3466 916 3541 gravitas
945 3465 1047 3524 illa
1075 3466 1387 3542 plusquam
1414 3466 1694 3533 censoria,
1722 3464 1887 3522 illinc

134 3559 331 3617 hilaris
361 3560 586 3618 indoles
616 3567 677 3617 et
707 3561 905 3638 paullo
937 3563 1208 3620 securior.
