2288 4036
144 219 297 255 PRAEL.
319 220 442 252 xxv.
489 217 639 270 quam
663 198 914 252 subtiliter
936 216 1096 251 secwn
1108 206 1363 269 patronos*
1380 215 1491 251 suos
1517 198 1712 253 laudat.
1777 202 1887 256 507

146 347 348 421 suique
391 345 621 403 artificii
667 344 898 411 nimius,
941 351 1010 400 ut
1052 344 1136 412 fit,
1188 343 1508 401 laudator.”
1592 342 1681 400 At
1726 346 1886 401 enim

143 450 303 500 totus
352 442 448 498 hic
505 441 668 498 locus
723 441 808 498 ita
858 441 1134 498 convenit
1182 447 1251 498 ut
1300 440 1446 497 nihil
1502 441 1690 516 magis
1749 460 1884 497 cum

144 537 496 596 athletarum
525 537 786 594 moribus
816 544 994 612 atque
1024 537 1279 613 ingenio,
1369 536 1672 594 Nimirum
1698 535 1886 594 Marti

145 633 494 709 Martiisque
523 634 676 691 ludis
705 635 937 709 propria
967 653 1199 709 semper
1220 634 1334 690 fuit
1363 652 1603 701 merceS‚
1625 633 1887 701 “fa'vor,’'

142 737 209 786 ut
252 730 333 786 ait
369 730 621 804 quidam,
666 737 699 761 ‘⁶
717 737 777 786 et
821 728 1023 806 lingua
1067 731 1403 805 potentium
1447 727 1703 786 vatum.⁷’
1788 728 1886 786 Ac

141 845 216 882 ne
265 827 326 882 in
375 827 682 883 materiem
741 826 1020 883 abeamus
1068 826 1278 902 puerili
1329 846 1563 901 quoque
1616 845 1889 883 sermone

142 922 357 990 tritam,
404 922 478 979 de
517 941 660 979 voce
692 921 1003 980 Musarum
1046 922 1221 980 nullis
1257 923 1697 997 circumscripta
1735 923 1891 998 regi-

141 1018 365 1086 onibUS,
417 1018 580 1075 nullo
631 1026 899 1095 tempore
950 1019 1275 1086 abolenda3
1336 1038 1650 1076 commune
1700 1021 1887 1094 quod-

140 1114 274 1170 dam
302 1113 518 1171 habere
552 1115 698 1171 mihi
729 1117 963 1172 videtur
991 1115 1270 1172 bellicosa
1299 1115 1400 1171 illa
1429 1123 1492 1172 et
1519 1117 1885 1191 gymnastica

139 1208 362 1266 indoles
405 1230 540 1266 cum
583 1230 799 1287 genere
845 1210 1025 1287 lyrico
1071 1217 1132 1267 et
1178 1212 1507 1286 praesertim
1553 1210 1883 1268 Pindarico,

140 1304 344 1362 Fortes
373 1306 648 1363 videlicet
692 1308 865 1363 fortia
897 1308 1111 1382 juvant
1157 1307 1371 1364 verba:
1417 1315 1618 1364 amant
1661 1307 1882 1365 milites

137 1408 362 1458 temere
397 1402 829 1477 quodammodo
870 1402 1246 1478 loquentem;
1296 1402 1667 1460 delectantur
1709 1404 1886 1460 liber-

138 1503 260 1555 tate
294 1497 411 1566 illa,
455 1517 530 1554 ne
561 1498 752 1555 dicam
786 1498 1051 1570 audacia,
1090 1518 1207 1573 qua
1246 1498 1440 1555 solent
1482 1500 1572 1555 uti
1615 1518 1734 1574 prae
1775 1519 1882 1556 cae-

137 1593 273 1651 teris
302 1594 361 1651 id
389 1613 575 1671 genus
604 1593 840 1663 Poetae3
890 1602 957 1651 ut
989 1595 1090 1670 qui
1120 1594 1266 1651 nihil
1296 1594 1455 1652 aliud
1488 1614 1608 1670 prae
1639 1614 1700 1652 se
1731 1596 1883 1652 ferre

135 1691 460 1760 videantur,
479 1692 589 1748 nisi
613 1698 680 1747 ut
710 1693 889 1748 animi
919 1698 1118 1748 motus
1146 1710 1251 1766 pro
1281 1698 1549 1766 tempore
1578 1699 1882 1767 utcunque

134 1787 393 1844 efferant.
482 1787 679 1855 Quare
723 1806 798 1844 ne
842 1788 1052 1844 festiva
1091 1787 1329 1862 quidem
1367 1806 1506 1845 usus
1550 1789 1882 1864 arrogantia

135 1883 445 1958 displicuit,
470 1884 661 1952 cred0‚
683 1881 970 1940 Pindarus
992 1890 1194 1939 noster
1216 1883 1581 1939 Theronibus
1611 1890 1672 1939 et
1696 1883 1882 1941 Chro-

133 1981 264 2038 miis
306 1983 440 2048 suis,
476 1981 777 2056 judicibus
816 1979 1094 2037 videlicet
1139 1980 1214 2035 de
1260 1980 1455 2036 studio
1499 1986 1561 2036 et
1611 1979 1883 2054 palaestra

133 2076 392 2134 delectis.

214 2171 308 2229 Ac
352 2173 547 2230 nescio
587 2172 862 2247 equidem
902 2191 977 2230 au
1021 2170 1185 2229 nulla
1215 2191 1290 2229 ex
1320 2178 1488 2247 parte
1517 2170 1705 2248 magis
1735 2170 1882 2228 emi-

131 2285 268 2324 nere
305 2269 554 2326 dixerim
589 2268 805 2326 subtile
848 2269 973 2343 ejus
1005 2269 1317 2343 judicium,
1363 2287 1539 2342 quam
1576 2269 1731 2343 quod
1776 2287 1881 2342 op-

131 2364 276 2420 time
318 2365 482 2421 novit
525 2366 610 2421 ita
650 2365 1062 2422 commendare
1104 2383 1319 2421 munus
1360 2384 1550 2432 suum,
1582 2372 1651 2420 ut
1681 2365 1881 2421 omnia

132 2465 328 2516 tamen
365 2460 577 2517 cedant
619 2460 681 2516 in
718 2479 922 2517 eorum
965 2459 1231 2536 gloriam,
1262 2478 1511 2533 quorum
1543 2460 1694 2516 forte
1725 2459 1880 2515 cele-

131 2554 350 2611 branda
401 2555 517 2611 sint
562 2561 746 2630 gesta.
834 2553 1024 2612 Velut
1072 2554 1174 2611 ubi
1226 2555 1300 2611 de
1352 2555 1584 2611 Nemea
1635 2553 1877 2610 deducit

131 2649 474 2707 Chromium
498 2649 801 2707 AEtnaeum
832 2669 967 2707 cum
998 2649 1194 2725 palma
1237 2669 1374 2708 sua:
1421 2669 1551 2725 quae
1583 2650 1878 2707 cantilena

130 2748 394 2821 proxime
451 2747 654 2802 abesse
704 2746 939 2802 videtur
993 2747 1067 2803 ab
1124 2747 1293 2803 istius
1346 2747 1599 2804 Poeseos
1650 2754 1876 2814 tenore,

130 2861 244 2916 qua
298 2843 485 2918 viguit
540 2841 832 2898 recentior
887 2842 1003 2909 illa,
1061 2850 1194 2916 post
1255 2841 1570 2912 Romanos,
1629 2843 1876 2900 heroum

130 2946 274 2995 aetas
291 2933 338 2995 ¹¹.

420 3045 599 3087 πολλῶν
619 3041 782 3095 ἐπέβαν
800 3043 945 3100 καιρὸν
969 3044 1018 3087 οὗ
1038 3043 1194 3102 ψεύδει
1212 3048 1378 3099 βαλών

421 3116 555 3159 ἔσταν
573 3114 608 3157 δ’
632 3114 695 3157 ἐπ’
719 3115 908 3159 αὐλείαις
929 3113 1075 3172 θύραις

422 3183 575 3242 ἀνδρὸς
595 3185 848 3242 φιλοξείνου
868 3186 978 3229 καλὰ
997 3186 1280 3243 μελπόμενος,

423 3255 523 3300 ἔνθα
543 3275 615 3312 μοι
634 3256 841 3313 ἁρμόδιον

422 3328 593 3373 δεῖπνον
615 3327 887 3385 κεκόσμηται,
909 3329 1022 3386 θαμὰ
1043 3329 1078 3374 δ’
1101 3328 1364 3374 ἀλλοδαπῶν

835 3514 860 3545 h
884 3516 1006 3561 Nem.
1034 3530 1073 3561 1.
1099 3518 1171 3561 26.
