2288 4036
255 205 367 262 572
457 205 717 278 Exempla
743 204 1024 276 Sophoclea
1048 205 1110 257 de
1123 205 1330 275 patriae
1355 190 1611 257 desiderio
1626 225 1643 256 .·
1698 222 1858 258 PRAEL.
1881 223 2071 258 xxv111.

743 349 860 406 ἔχων
880 346 1072 392 ἀΰπνους
1093 345 1248 405 ἄγρας,

742 421 767 478 ἢ
790 421 857 467 τίς
875 412 1190 478 Ὀλυμπιάδων

743 495 869 548 θεῶν,
892 493 917 552 ἢ
939 493 1083 554 ῥυτῶν

740 569 1004 628 βοσπορίων
1024 569 1234 626 ποτάμων

739 641 867 702 ἴδρις,
890 643 968 687 τὸν
989 642 1222 700 ὦμόθυμον
1243 638 1288 685 εἶ

739 735 827 761 που
847 716 957 761 ποτὲ
977 717 1253 773 πλαζόμενον

738 789 1041 849 προσβλέπει,
1064 787 1195 833 ἅπυοι
1212 806 1226 841 ;

335 897 518 967 Quid,
551 895 714 972 quod
761 895 970 964 iidem,
1002 894 1192 954 semel
1223 900 1408 970 atque
1439 894 1682 962 iterum,
1714 895 1885 972 aegris
1916 914 2064 971 qno-

250 996 577 1055 dammodo
610 994 800 1053 oculis
835 995 1095 1072 patriam
1127 994 1478 1071 respiciunt,
1507 1013 1628 1051 non
1662 994 1791 1052 sine
1822 993 2063 1071 Trojani

249 1092 362 1151 soli
394 1092 641 1151 fastidio
661 1088 690 1127 k
710 1092 732 1151 ἲ

739 1195 805 1242 τίς
826 1214 917 1254 μοι,
940 1195 1007 1242 τίς
1030 1193 1088 1240 ἐτ’
1113 1193 1191 1240 οὖν

732 1270 896 1330 τέρψις
918 1268 1102 1315 ἐπέσται
1114 1288 1129 1323 ;
1163 1269 1373 1329 γενοίμαν

734 1343 787 1390 ἵν’
811 1345 946 1390 ὗλᾶεν
968 1345 1124 1389 ἔπεστι
1144 1346 1310 1390 πόντου
2267 1352 2288 1412 3

731 1417 957 1478 πρόβλημ’
979 1418 1270 1471 ἆλίκλυστον,
1292 1417 1431 1477 ἄκραν

732 1493 818 1538 ὑπὸ
840 1494 990 1539 πλάκα
1012 1493 1209 1547 Σουνίου,

731 1568 810 1615 τὰς
832 1568 952 1627 ἱερὰς
972 1566 1091 1615 ὅπως
1110 1566 1394 1628 προσείποιμ’
1417 1565 1470 1613 ἂν
1489 1566 1693 1615 Ἀθάνας.

245 1672 460 1734 Oculis
505 1673 782 1751 profecto
828 1673 1036 1731 videre
1067 1674 1346 1732 videmur
1384 1693 1600 1731 navem
1634 1680 1782 1732 nota
1812 1680 2062 1751 praeter-

245 1773 384 1832 vehi
431 1773 628 1842 litora,
668 1780 1023 1850 erectosque
1068 1774 1130 1831 in
1173 1773 1358 1851 puppi
1409 1780 1642 1841 nautas,
1681 1772 2058 1851 gratulantes

244 1874 473 1952 patriae.

329 1973 596 2032 Accedit
627 1980 692 2032 et
722 1970 876 2031 illud
895 1967 911 2008 ¹
934 1992 946 2032 ε

547 2074 582 2120 ὦ
603 2076 753 2121 κλεινὰ
774 2077 983 2135 Σαλαμὶς,
1008 2076 1067 2123 σὺ
1086 2075 1168 2136 μέν
1186 2095 1273 2123 που
1295 2075 1428 2123 ναίεις
1448 2074 1764 2136 ἁλίπλαγκτος,
1788 2074 2018 2134 εὐδαίμων,

547 2153 688 2196 πᾶσιν
707 2151 981 2211 περίφαντος
1002 2151 1084 2196 ἀεί’

549 2225 636 2285 ἐγὼ
658 2224 695 2270 δ’
719 2227 744 2269 ὁ
766 2227 947 2284 τλάμων

546 2301 736 2346 πάλαιος
757 2298 835 2359 ἀφ’
859 2299 912 2346 οὗ
932 2301 1095 2360 χρόνος

545 2372 683 2433 Ἰδαίᾳ
704 2374 848 2433 μίμνω

545 2449 755 2507 λειμωνία
777 2447 930 2507 μήλων
949 2449 1037 2507 πόᾳ

2268 2046 2288 2182 3

2265 2181 2288 2276 3

2264 2282 2288 2354 3

545 2522 799 2583 ἀνήριθμος,
822 2523 915 2569 αἶὲν
936 2524 1098 2582 εὐνόμᾳ

544 2599 693 2658 χρόνῳ
713 2597 1001 2657 τρυχομένος.

243 2697 505 2758 Habetis
544 2719 892 2778 expressam
933 2701 1062 2778 ejus
1102 2699 1382 2758 desiderii
1427 2699 1776 2778 imaginem,
1808 2718 1928 2775 quo
1959 2716 2055 2755 so-

241 2798 371 2859 lent
401 2800 682 2859 absentes
713 2808 955 2860 assueta
983 2800 1282 2878 respicere
1313 2799 1463 2859 loca.
1532 2798 1736 2858 Colles
1767 2797 2053 2856 videlicet

239 2920 310 2959 ac
354 2908 528 2978 prata
573 2901 685 2959 sub
717 2899 848 2960 Idae
890 2900 1212 2969 radicibus,
1244 2899 1541 2958 humilem
1582 2907 1768 2976 atque
1809 2898 2053 2955 umbro-

241 3019 366 3059 sam
430 3001 759 3079 regionem,
811 3000 1104 3069 λειμωνίαν
1164 2998 1332 3058 ποίαν
1388 3002 1595 3069 μήλων,
1649 3004 2051 3057 contemnunt

241 3103 504 3167 νησιῶται
556 3119 626 3158 ac
686 3100 977 3158 maritimi
1025 3100 1152 3169 viri,
1198 3119 1319 3177 prae
1371 3106 1583 3177 aperto
1636 3098 1833 3167 litore,
1890 3096 2050 3155 saxis

239 3200 430 3269 aeriiS,
463 3200 622 3279 auris
651 3200 1055 3277 undequaque
1088 3198 1404 3258 Oceanum
1436 3198 1820 3277 spirantibus,

326 3298 563 3359 Verum
595 3299 658 3356 in
689 3299 855 3357 omni
890 3300 1007 3358 hoc
1045 3306 1406 3378 argumento
1443 3300 1505 3357 id
1549 3318 1740 3357 unum
1780 3295 2048 3355 maxime

238 3398 418 3469 valet,
451 3400 612 3476 quod
645 3398 856 3457 exules
887 3398 1073 3458 etiam
1105 3407 1169 3458 et
1199 3418 1562 3476 quocunque
1611 3416 1865 3456 moerore
1905 3414 2046 3454 con-

238 3499 382 3557 fecti
412 3498 612 3557 solent
641 3498 866 3557 intueri
897 3500 1174 3577 regiones
1203 3500 1379 3577 ipsas,
1404 3499 1586 3577 longo
1606 3498 1738 3575 jam
1770 3504 2044 3573 tempore

482 3665 501 3690 ¹¹
521 3665 595 3722 Aj.
625 3679 757 3724 1232.
1521 3664 1533 3697 1
1555 3665 1677 3712 Ibidr
1696 3662 1800 3708 601.
