2288 4036
293 94 402 151 402
703 91 789 144 De
818 90 989 143 Oreste
1013 87 1146 142 vehat
1169 88 1228 140 in
1251 104 1406 141 sacra
1432 84 1659 140 abeunte.
1791 105 1952 141 PRAEL.
1976 107 2093 140 xxx.

291 257 430 296 eum
482 238 545 294 in
597 236 775 295 rebus
819 233 1161 293 istiusmodi
1212 231 1403 291 semel
1457 238 1643 308 atque
1693 231 1916 290 iterum
1965 252 2100 309 per-

290 336 601 397 strinxisse
659 335 937 394 videatur
990 333 1347 410 Euripides:
1416 331 1643 390 nedum
1705 331 2098 403 arbitremini,

290 442 412 493 tres
465 435 624 491 inter
675 453 739 492 se
791 433 943 491 adeo
996 430 1316 489 dissimiles
1362 431 1520 489 forte
1565 431 1827 507 quadam
1873 433 2100 508 pariter

290 530 570 588 incidisse
608 530 672 587 in
717 549 908 587 unum
958 529 1073 587 hoo
1119 527 1457 597 consilium,
1496 536 1803 586 remotum
1858 547 2100 605 praeser-

291 628 402 686 tim
433 648 469 687 a
501 629 808 687 communi
842 627 1283 686 consuetudine
1315 627 1559 685 theatri.
1649 626 1878 697 Quidni
1915 626 2102 704 igitur

277 728 643 804 judicemuS‚
682 727 1060 805 AEschylum,
1102 745 1223 802 qua
1275 732 1407 784 erat
1456 725 1774 804 gravitate,
1821 725 2100 783 consulto

290 826 522 897 fecisse,
556 833 626 883 ut
666 826 729 883 in
765 825 882 884 hoo
919 845 1042 883 uno
1074 824 1317 902 Pyladis
1361 844 1639 884 sermone
1680 832 1815 883 tum
1861 845 1897 883 a
1936 845 2101 883 oom-

289 929 497 979 mento
543 928 842 992 veterum,
873 930 1007 981 tum
1053 942 1089 980 a
1134 922 1369 980 oaeteris
1417 922 1828 1000 Scriptoribus
1874 922 2102 980 dissen-

287 1020 449 1089 tiret,
497 1039 568 1078 ea
616 1028 842 1090 mente,
892 1029 959 1079 ut
1009 1020 1300 1099 Pyladem
1353 1019 1527 1079 illum
1578 1027 1821 1079 notaret
1873 1040 1942 1078 ao
1997 1021 2101 1077 de-

286 1120 551 1198 signaret
596 1121 786 1190 nobiS,
818 1121 989 1179 velut
1035 1121 1306 1199 legatum
1338 1120 1662 1198 quendam,
1699 1121 2099 1197 interpretem

286 1225 350 1276 et
373 1219 665 1277 nuncium
690 1220 936 1291 oraculi,
956 1229 1141 1299 atque
1172 1222 1324 1279 adeo
1348 1221 1533 1298 ipsius
1554 1219 1898 1298 Apollinis?
1959 1218 2101 1276 Mo-

283 1325 391 1376 net
423 1319 630 1396 itaque
669 1321 720 1378 is
752 1319 1037 1380 Orestem
1069 1320 1167 1379 vel
1205 1321 1446 1389 taeitUS,
1479 1320 1606 1378 sola
1646 1321 1736 1378 sui
1782 1318 2101 1397 praesentia

285 1426 350 1476 et
380 1426 646 1495 aspectu,
679 1421 824 1497 quid
856 1421 1019 1479 facto
1052 1440 1203 1499 opus
1234 1421 1348 1479 sit:
1395 1428 1720 1497 postquam
1758 1427 1965 1478 autem
2003 1437 2099 1476 res

285 1525 445 1577 stare
483 1520 668 1596 coepit
710 1520 800 1578 ἐπὶ
844 1517 1010 1602 ξύρου
1049 1522 1238 1588 ἀκμῆς,
1273 1523 1368 1595 (ut
1413 1519 1585 1578 aiunt
1616 1518 1865 1597 Graeoi),
1896 1518 2099 1597 gladio

272 1618 402 1694 jam
428 1618 488 1675 in
516 1619 926 1677 matricidium
951 1619 1211 1689 eduot03
1258 1638 1397 1677 oum
1423 1619 1486 1675 in
1509 1618 1985 1676 misericordiam
2010 1618 2100 1674 in-

287 1718 468 1795 digne
499 1717 850 1776 flecteretur
873 1719 1127 1787 animus,
1150 1726 1214 1776 et
1236 1714 1555 1796 langueret
1580 1717 1783 1775 subito
1806 1717 2101 1775 memoria

285 1817 472 1876 divini
505 1819 728 1884 edioti3
775 1824 910 1876 tum
942 1819 1190 1876 demum
1222 1817 1392 1875 velut
1441 1837 1519 1875 ex
1560 1817 1744 1895 adyto
1781 1836 2099 1894 erumpere

286 1938 405 1976 vox
454 1917 559 1976 illa
604 1918 844 1976 comitis
891 1918 1055 1994 prius
1099 1917 1391 1985 inaudita,
1438 1924 1501 1975 et
1543 1924 1576 1948 ‘⁶
1597 1916 1833 1974 omnia''
1881 1917 2099 1975 dooere
2171 1964 2174 1967 Α

287 2018 475 2077 “Diis
525 2016 993 2096 postponenda.”
1083 2017 1222 2087 Qua
1265 2016 1391 2074 sola
1437 2015 1626 2074 semel
1679 2023 1947 2093 accepta,
2001 2035 2100 2073 ao-

286 2117 447 2194 oingi
486 2117 710 2175 iterum
744 2115 995 2175 Orestes
1025 2115 1102 2174 ad
1135 2134 1286 2192 opus
1318 2114 1539 2185 fatale3
1591 2113 1866 2193 Pylades,
1899 2112 2097 2172 officio

286 2214 548 2283 functus,
595 2213 875 2293 elinguis,
912 2220 983 2271 ut
1022 2219 1220 2283 antea,
1262 2213 1412 2271 fieri.
1505 2212 1596 2271 Eo
1641 2213 1824 2270 modo
1871 2219 1935 2271 et
1980 2232 2098 2270 oae-

285 2311 426 2368 dem
477 2311 802 2389 mitigavit,
848 2311 1111 2388 repetito
1165 2312 1242 2369 ad
1294 2320 1538 2388 tempus
1593 2311 1852 2381 oracu10,
1897 2330 2097 2388 neque

285 2418 492 2468 tamen
551 2409 852 2468 modestia
911 2411 1106 2468 caruit
1165 2416 1228 2468 et
1289 2411 1629 2469 reverentia
1694 2411 1899 2489 magni
1962 2410 2098 2468 Nu-

286 2508 483 2576 minis,
543 2527 658 2566 nec
710 2508 913 2567 Deum
977 2508 1105 2566 sine
1166 2526 1346 2566 eausa
1402 2509 1710 2585 produxit,
1765 2509 1971 2567 odiose
2032 2515 2097 2567 et

284 2607 550 2685 indigne.

373 2705 495 2764 Sed
543 2707 619 2764 de
669 2705 912 2784 Pyladis
964 2726 1221 2784 persona
1270 2707 1583 2766 hactenus
1675 2706 1871 2765 Mitto
1917 2706 2096 2776 illud,

285 2810 564 2880 apertum
609 2810 673 2861 et
722 2804 1110 2882 perspicuum
1163 2806 1463 2876 omnibus),
1508 2806 1671 2882 quod
1720 2804 1970 2864 Orestes
2018 2803 2095 2862 de

287 2922 466 2962 scena
518 2903 831 2963 discedens
882 2904 1120 2964 disertis
1174 2905 1373 2964 verbis
1425 2906 1502 2963 ad
1552 2903 1907 2982 Apollinem
1960 2924 2096 2982 pro-

287 3003 531 3061 vocatt:

650 3104 721 3148 καὶ
741 3105 913 3163 φιλτρὰ
933 3105 1101 3163 τολμῆς
1121 3105 1259 3162 τῆσδε
1279 3105 1645 3164 πλειστηρίζομαι

650 3177 728 3223 τὸν
748 3176 1028 3235 Πυθόμαντιν
1049 3178 1227 3235 Λοξίαν,
1247 3177 1462 3238 χρήσαντ’
1487 3177 1583 3237 ἐμοὶ

648 3251 875 3310 πράξαντα
895 3252 976 3308 μὲν
996 3251 1132 3304 ταῦτ’,
1157 3252 1281 3298 ἐκτὸς
1301 3252 1441 3300 αἰτίας
1462 3255 1591 3309 κακῆς

983 3431 999 3460 t
1038 3429 1225 3488 Ghok‘ph.
1257 3445 1385 3490 1029.
