2288 4036
415 1202 1009 1268 PRAELECTIO
1064 1201 1464 1267 TRIGESI
1472 1199 1638 1267 MA.

155 1631 222 1674 De
247 1631 394 1674 Poetis
423 1631 540 1674 ruris
571 1631 845 1678 amantibus:
877 1632 1042 1674 venisse
1071 1630 1120 1673 id
1144 1645 1278 1686 yenus
1300 1636 1406 1687 post
1437 1646 1523 1683 eos,
1554 1632 1632 1689 qui
1661 1631 1708 1674 in
1736 1631 1908 1674 actione

210 1708 495 1758 reynaverunt
508 1719 528 1750 ,·
559 1703 753 1753 Groecioe,
770 1716 966 1757 magnam
978 1707 1165 1759 partem,
1184 1701 1385 1757 dffuisse.
1430 1702 1748 1759 Expenduntur
1763 1717 1908 1745 earum

210 1788 352 1816 rerum
382 1774 571 1816 rationes
585 1794 597 1816 .·
633 1774 938 1829 confirmantur
963 1787 990 1815 e
1022 1773 1161 1815 literis
1192 1778 1280 1815 tum
1308 1773 1555 1824 Hebraicis,
1579 1779 1666 1816 tum
1692 1773 1907 1817 Christia-

209 1844 306 1886 nis:
345 1844 536 1895 docetur,
562 1845 735 1900 sinyula
764 1859 841 1887 suo
871 1850 1059 1900 tempore
1082 1858 1244 1899 yenera
1275 1845 1471 1895 Poeseos,
1499 1843 1765 1899 yubernante
1795 1845 1906 1895 Deo,

210 1916 410 1971 viyuisse.
1122 1912 1124 1914 ’

152 2055 511 2199 VENIO
549 2077 706 2114 nuno
740 2059 820 2114 ad
856 2059 1004 2115 ruris
1034 2063 1359 2114 amatores:
1405 2076 1542 2113 nam
1574 2077 1644 2114 eo
1674 2058 1908 2132 potissi-

337 2171 501 2208 mum
548 2153 786 2208 nomine
831 2152 1129 2227 appellare
1179 2152 1376 2226 placet
1420 2171 1697 2228 magnam
1743 2152 1907 2209 illam

149 2248 397 2305 alteram
422 2247 740 2304 Poetarum
759 2249 922 2322 quasi
953 2247 1257 2315 familiam,
1277 2267 1530 2322 quorum
1560 2267 1740 2323 opera
1768 2250 1907 2323 poni

148 2343 300 2400 solet
330 2363 448 2399 non
486 2344 547 2399 in
582 2343 757 2400 rebus
796 2343 1068 2419 gerendis
1103 2350 1283 2418 atque
1325 2345 1388 2399 in
1428 2344 1679 2401 fortunis
1718 2345 1908 2401 homi-

149 2458 312 2505 num,
342 2438 446 2495 sed
482 2439 543 2493 in
573 2437 929 2504 fluminibus,
962 2440 1064 2494 sed
1103 2440 1165 2494 in
1204 2438 1398 2513 sylviS‚
1431 2439 1534 2494 sed
1563 2440 1626 2494 in
1656 2441 1814 2496 saxis
1845 2447 1907 2496 et

148 2533 579 2598 solitudinibUS,
627 2533 729 2589 sed
780 2534 842 2588 in
892 2534 1147 2590 ferarum
1197 2533 1397 2590 lustris
1446 2541 1626 2608 atque
1673 2536 1904 2593 avium:

149 2629 328 2684 verbo
366 2629 574 2695 dicam,
615 2629 676 2683 in
715 2630 877 2684 omni
921 2629 1024 2685 illa
1064 2630 1364 2696 varietate,
1396 2648 1511 2703 qua
1553 2631 1749 2704 pinxit
1782 2631 1907 2688 Na-

147 2728 282 2779 tura
310 2729 596 2779 terrarum
644 2742 712 2779 ae
749 2722 877 2779 oaeli
908 2723 1136 2779 faeiem.
1227 2722 1370 2779 Non
1400 2743 1517 2798 quo
1548 2725 1904 2793 existimem,

150 2817 266 2873 duo
310 2818 438 2875 haee
489 2836 707 2893 genera
756 2818 912 2874 notis
957 2819 1110 2874 adeo
1162 2819 1336 2875 certis
1377 2837 1451 2875 ao
1495 2821 1906 2879 constantibus

150 2912 377 2968 definiri
406 2931 574 2987 posse
605 2920 666 2968 et
696 2913 997 2988 distingui,
1027 2926 1096 2969 ut
1124 2915 1328 2970 statim
1365 2922 1647 2989 agnoscat
1677 2915 1904 2991 aliquis,

148 3013 210 3062 et
240 3006 403 3063 velut
433 3025 510 3062 ex
540 3007 736 3063 edicto
765 3008 1134 3081 pronunciet,
1163 3009 1284 3063 utri
1322 3009 1522 3083 potius
1551 3010 1904 3084 scriptorum

149 3101 337 3156 ordini
366 3101 463 3158 hic
494 3101 588 3157 vel
618 3101 718 3158 ille
748 3102 1165 3158 adscribendus
1195 3103 1288 3159 sit.
1362 3102 1725 3160 Aecuratam
1748 3105 1904 3161 «adeo

147 3194 476 3251 finitionem
505 3197 605 3252 vix
641 3203 703 3252 et
742 3216 818 3253 ne
855 3197 955 3252 vix
984 3197 1231 3271 quidem
1275 3198 1666 3255 humanarum
1704 3217 1903 3254 rerum

147 3290 295 3345 ratio
343 3292 582 3364 patitur.
671 3291 760 3348 Ut
807 3293 966 3348 enim
1013 3292 1078 3347 in
1123 3292 1246 3348 vita
1288 3300 1350 3349 et
1394 3295 1672 3361 moribus,
1713 3295 1798 3349 ita
1841 3294 1904 3348 iu

149 3383 320 3440 Poesi
354 3404 603 3459 quoque,
634 3386 880 3443 mirifice
904 3388 1344 3461 quodammodo
1373 3389 1529 3444 inter
1564 3407 1626 3445 se
1669 3389 1902 3444 misceri

147 3480 432 3537 sentimus
467 3480 606 3538 hine
641 3481 900 3538 indolem
932 3482 1215 3556 cujusque
1245 3490 1308 3539 et
1337 3483 1708 3540 fortunarum
1738 3484 1903 3540 habi-

148 3581 294 3640 tum,
334 3574 498 3631 illinc
541 3582 788 3632 externa
823 3595 957 3651 quae
997 3583 1318 3644 vocantur3
1363 3578 1489 3634 caeli
1533 3579 1901 3652 temperiem,

934 3690 974 3729 R
1002 3692 1031 3728 r
1063 3679 1099 3729 2
