2288 4036
152 297 305 330 PRAEL.
328 295 516 328 xxxm.
602 274 880 345 Viryilium
908 274 1188 325 communia
1212 273 1534 342 interponere.
1793 272 1900 331 669

153 422 250 479 Ne
302 422 542 478 verbum
596 421 834 496 quidem
892 419 1148 486 additur,
1201 418 1356 493 quod
1412 417 1897 494 significationem

151 518 363 574 habeat
402 516 586 573 ullam
616 515 942 590 quotidiani
986 513 1161 588 hujus
1206 521 1493 570 terrarum
1525 512 1774 587 caelique
1813 531 1902 569 as-

150 619 372 689 pectuS,
404 631 577 686 quem
623 619 685 667 et
725 618 941 668 norunt
978 618 1040 666 et
1084 617 1285 666 amant
1322 627 1562 666 omnes:
1607 608 1716 664 nisi
1749 609 1902 665 forte

152 707 429 765 credibile
458 708 740 772 videatur,
773 705 1072 773 Ovidium,
1105 724 1241 761 cum
1279 706 1453 761 istam
1490 712 1728 760 caneret
1768 724 1904 761 can-

152 801 411 867 tilenam,
436 800 651 856 mentis
675 799 860 856 oculis
888 801 1248 856 matutinum
1277 800 1489 857 vidisse
1512 800 1742 867 caelum,
1764 820 1901 857 cum

151 898 339 955 aureis
375 897 493 952 suis
537 896 945 971 splendoribus
974 904 1155 970 atque
1184 897 1388 972 igneis
1476 895 1750 953 Profecto
1781 896 1902 953 tale

151 993 370 1068 aliquid
421 1011 539 1047 non
586 1010 819 1066 prorsus
865 992 1068 1066 inepte
1111 991 1368 1049 declarat
1419 992 1758 1048 sublimium
1806 1012 1903 1049 co-

152 1089 482 1145 lumnarum
541 1089 784 1154 mentiO,
843 1089 1056 1164 insigni
1118 1088 1364 1164 fulgore,
1420 1089 1767 1144 habentium
1826 1107 1901 1144 ex

151 1192 398 1259 utraque
443 1191 610 1258 parte
655 1185 818 1258 quasi
863 1184 1016 1240 fores
1063 1192 1313 1259 apertas,
1358 1185 1768 1241 candidissimo
1814 1204 1901 1241 ar-

149 1287 348 1357 gent0,
405 1298 655 1355 superne
713 1288 912 1336 autem
974 1299 1367 1336 marmoreum
1420 1280 1512 1336 vel
1575 1281 1902 1337 eburneum

150 1376 381 1433 aethera.
473 1375 721 1440 Deinde,
760 1377 916 1450 quod
962 1375 1082 1432 illic
1127 1376 1316 1433 caelari
1364 1377 1533 1453 fingit
1566 1377 1754 1434 Poeta
1796 1397 1906 1434 cae-

151 1472 292 1538 lum,
323 1489 502 1538 mare,
534 1477 732 1538 terrae,
764 1489 901 1528 cum
945 1471 1147 1528 formis
1196 1471 1627 1547 Nympharum,
1659 1481 1904 1530 caetero-

149 1586 263 1641 que
309 1568 562 1624 universi
613 1567 787 1643 hujus
837 1568 1063 1634 mundi,
1108 1587 1285 1643 quem
1334 1569 1519 1625 oculis
1570 1570 1902 1644 aspicinmS,

149 1666 578 1731 instrume11to;
614 1663 817 1743 ⁸voluit
862 1664 1108 1721 fortasse
1152 1683 1257 1740 per
1299 1665 1576 1741 ambages
1620 1666 1901 1740 quasdam

149 1771 471 1817 monstrare
492 1761 798 1818 mirificam
823 1760 985 1817 illam
1010 1760 1329 1817 formarum
1350 1762 1901 1837 varietatem,quam

150 1856 210 1912 in
246 1857 502 1914 nubibus
542 1857 862 1932 praesertim
894 1858 1202 1914 matutinis
1234 1857 1326 1914 vel
1358 1877 1596 1915 cernere
1627 1858 1777 1915 solet
1808 1858 1902 1914 vel

147 1952 368 2029 fingere
413 1952 617 2010 oculus
660 1952 858 2028 paullo
902 1955 962 2010 in
1004 1953 1292 2028 ejusmodi
1333 1954 1465 2012 lusu
1506 1955 1902 2011 exercitatior.

148 2050 370 2107 Durior
407 2051 663 2108 fortassis
703 2051 1146 2126 interpretati03
1192 2052 1292 2109 sed
1331 2053 1738 2116 concedamus,
1771 2071 1901 2108 eam

148 2145 327 2202 fuisse
379 2152 639 2203 mentem
687 2145 920 2203 Poetae:
973 2153 1036 2202 at
1082 2146 1345 2202 nondum
1388 2153 1589 2202 tamen
1634 2146 1900 2212 efficitur,

149 2242 359 2298 cadere
401 2242 462 2297 in
505 2241 651 2299 illud
692 2261 928 2299 carmen
960 2261 1090 2299 eam
1121 2262 1298 2317 quam
1335 2262 1441 2299 nos
1485 2243 1597 2299 hoc
1635 2250 1905 2317 tempore

149 2339 463 2395 statuimus
515 2338 846 2396 formulam.
942 2338 1170 2395 Debuit
1221 2340 1379 2396 enim
1433 2339 1707 2395 excidere
1765 2340 1904 2395 scri-

148 2433 313 2489 benti
354 2434 635 2490 indicium
679 2441 840 2491 certe
879 2434 1135 2510 aliquod,
1165 2434 1343 2492 breve
1379 2434 1646 2509 quamvis
1682 2442 1744 2491 et
1780 2436 1905 2491 exi-

149 2548 351 2605 guum,
397 2530 553 2604 quod
594 2549 665 2586 eo
716 2538 914 2605 posset
961 2550 1235 2588 revocare
1280 2531 1609 2607 legentium
1658 2533 1903 2587 animos,

151 2624 270 2682 Sed
313 2625 459 2682 nihil
490 2626 609 2682 tale
638 2626 909 2695 habetur,
939 2647 1014 2684 ne
1044 2627 1347 2684 tantillum
1378 2627 1636 2702 quidem.
1706 2627 1906 2695 Quare

147 2722 231 2778 ita
264 2721 590 2779 laudandus
620 2723 748 2789 erit,
782 2731 848 2780 ut
879 2725 979 2799 qui
1023 2724 1269 2781 mirifica
1307 2731 1370 2781 et
1413 2743 1547 2780 rara
1584 2725 1902 2800 ingeniose,

147 2836 264 2874 non
294 2824 362 2874 ut
391 2818 492 2892 qui
535 2825 706 2876 notas
746 2838 1024 2895 carasque
1060 2839 1152 2877 res
1183 2839 1318 2877 cum
1362 2838 1562 2878 amore
1592 2827 1654 2877 et
1683 2820 1899 2878 affectu

148 2915 445 2971 cecinerit.

230 3009 616 3068 Conferamus
634 3013 760 3087 jam
793 3032 929 3070 cum
949 3012 1050 3072 ¹his
1080 3014 1412 3091 Virgiliana
1430 3010 1474 3069 ἃ.

382 3121 500 3173 Due,
523 3137 618 3180 age,
642 3123 730 3168 duc
750 3124 806 3168 ad
828 3139 937 3169 nos:
970 3125 1037 3169 fas
1058 3125 1122 3169 illi
1140 3126 1294 3170 limina
1316 3126 1484 3171 Divum

379 3194 595 3251 Tangere,
617 3196 691 3240 ait.
756 3196 901 3240 Simul
921 3198 1008 3241 alta
1021 3198 1151 3255 jubet
1172 3198 1395 3243 discedere
1414 3200 1501 3243 late

382 3264 601 3319 Flumina,
621 3282 708 3326 qua
723 3268 900 3326 juvenis
922 3283 1103 3326 gressus
1125 3269 1305 3313 inferret
1325 3285 1334 3313 :
1368 3277 1413 3313 at
1434 3270 1560 3313 illum

380 3336 575 3382 Curvata
594 3339 641 3383 in
661 3340 826 3384 montis
847 3339 1004 3384 faciem
1026 3341 1316 3385 circumstetit
1336 3342 1473 3394 unda,

379 3407 652 3468 Accepitque
674 3411 776 3455 sinu
797 3418 938 3462 vasto,
956 3411 1165 3470 misitque
1186 3412 1271 3457 sub
1293 3428 1484 3457 amnem.

379 3477 571 3538 Jamque
592 3480 776 3526 domum
798 3482 964 3528 mirans
984 3483 1223 3540 genitricis,
1235 3491 1286 3528 et
1305 3485 1492 3530 humida
1511 3501 1664 3544 regna,

824 3608 848 3639 ἃ
873 3610 1027 3666 Geor-9.
1050 3627 1092 3665 4.
1116 3611 1218 3668 358.
