<?xml version="1.0" encoding="UTF-8"?>
<!DOCTYPE html PUBLIC "-//W3C//DTD XHTML 1.0 Transitional//EN"
    "http://www.w3.org/TR/xhtml1/DTD/xhtml1-transitional.dtd">
<html xmlns="http://www.w3.org/1999/xhtml" xml:lang="en" lang="en">
 <head>
  <title>
</title>
<meta http-equiv="Content-Type" content="text/html;charset=utf-8" />
  <meta name='ocr-system' content='tesseract 3.04.00' />
  <meta name='ocr-capabilities' content='ocr_page ocr_carea ocr_par ocr_line ocrx_word'/>
</head>
<body>
  <div class='ocr_page' id='page_1' title='image "./a588873902kebluoft_0294.png"; bbox 0 0 2288 4036; ppageno 0'>
   <div class='ocr_carea' id='block_1_1' title="bbox 319 185 2115 259">
    <p class='ocr_par' dir='ltr' id='par_1_1' title="bbox 319 185 2115 259">
     <span class='ocr_line' id='line_1_1' title="bbox 319 185 2115 259; baseline 0.003 -19"><span class='ocrx_word' id='word_1_1' title='bbox 319 185 428 243; x_wconf 69' lang='lat'>672</span> <span class='ocrx_word' id='word_1_2' title='bbox 587 187 861 240; x_wconf 75' lang='lat' dir='ltr'>Lucretius</span> <span class='ocrx_word' id='word_1_3' title='bbox 886 195 1141 241; x_wconf 72' lang='lat' dir='ltr'>contentus</span> <span class='ocrx_word' id='word_1_4' title='bbox 1157 188 1347 258; x_wconf 78' lang='lat' dir='ltr'><em>paucis</em></span> <span class='ocrx_word' id='word_1_5' title='bbox 1370 187 1700 259; x_wconf 58' lang='lat' dir='ltr'>inv-affinibus.</span> <span class='ocrx_word' id='word_1_6' title='bbox 1740 209 1903 242; x_wconf 79' lang='lat' dir='ltr'>PRAEL.</span> <span class='ocrx_word' id='word_1_7' title='bbox 1923 198 2115 246; x_wconf 68' lang='lat' dir='ltr'>xxxin.</span> 
     </span>
    </p>
   </div>
   <div class='ocr_carea' id='block_1_2' title="bbox 317 334 2123 3677">
    <p class='ocr_par' dir='ltr' id='par_1_2' title="bbox 317 334 2123 3461">
     <span class='ocr_line' id='line_1_2' title="bbox 318 334 2116 414; baseline 0.003 -23"><span class='ocrx_word' id='word_1_8' title='bbox 318 334 661 411; x_wconf 84' lang='lat' dir='ltr'>hujusmodi</span> <span class='ocrx_word' id='word_1_9' title='bbox 691 334 1007 411; x_wconf 83' lang='lat' dir='ltr'>exempla3</span> <span class='ocrx_word' id='word_1_10' title='bbox 1055 335 1277 412; x_wconf 80' lang='lat' dir='ltr'>quippe</span> <span class='ocrx_word' id='word_1_11' title='bbox 1308 337 1409 412; x_wconf 91' lang='lat' dir='ltr'>qui</span> <span class='ocrx_word' id='word_1_12' title='bbox 1442 335 1729 394; x_wconf 88' lang='lat' dir='ltr'>libentius</span> <span class='ocrx_word' id='word_1_13' title='bbox 1759 338 2116 414; x_wconf 88' lang='lat' dir='ltr'>plerumque</span> 
     </span>
     <span class='ocr_line' id='line_1_3' title="bbox 318 432 2116 512; baseline 0.002 -22"><span class='ocrx_word' id='word_1_14' title='bbox 318 434 380 490; x_wconf 89' lang='lat' dir='ltr'>in</span> <span class='ocrx_word' id='word_1_15' title='bbox 411 434 635 492; x_wconf 88' lang='lat' dir='ltr'>usitata</span> <span class='ocrx_word' id='word_1_16' title='bbox 665 451 735 492; x_wconf 90' lang='lat' dir='ltr'>ac</span> <span class='ocrx_word' id='word_1_17' title='bbox 766 432 997 511; x_wconf 82' lang='lat' dir='ltr'>vulgari</span> <span class='ocrx_word' id='word_1_18' title='bbox 1031 433 1299 491; x_wconf 89' lang='lat' dir='ltr'>omnium</span> <span class='ocrx_word' id='word_1_19' title='bbox 1335 434 1580 512; x_wconf 82' lang='lat' dir='ltr'>regione</span> <span class='ocrx_word' id='word_1_20' title='bbox 1611 443 1900 493; x_wconf 81' lang='lat' dir='ltr'>versetur.</span> <span class='ocrx_word' id='word_1_21' title='bbox 1987 435 2116 495; x_wconf 87' lang='lat' dir='ltr'>Vix</span> 
     </span>
     <span class='ocr_line' id='line_1_4' title="bbox 318 532 2114 609; baseline 0.002 -20"><span class='ocrx_word' id='word_1_22' title='bbox 318 551 662 608; x_wconf 84' lang='lat' dir='ltr'>quenquam</span> <span class='ocrx_word' id='word_1_23' title='bbox 691 532 961 591; x_wconf 83' lang='lat' dir='ltr'>invenias</span> <span class='ocrx_word' id='word_1_24' title='bbox 985 541 1107 590; x_wconf 89' lang='lat' dir='ltr'>tam</span> <span class='ocrx_word' id='word_1_25' title='bbox 1143 551 1322 609; x_wconf 85' lang='lat' dir='ltr'>parca</span> <span class='ocrx_word' id='word_1_26' title='bbox 1345 532 1706 609; x_wconf 79' lang='lat' dir='ltr'>supellectili</span> <span class='ocrx_word' id='word_1_27' title='bbox 1732 541 2114 593; x_wconf 90' lang='lat' dir='ltr'>contentum:</span> 
     </span>
     <span class='ocr_line' id='line_1_5' title="bbox 318 628 2119 705; baseline 0.001 -20"><span class='ocrx_word' id='word_1_28' title='bbox 318 628 423 686; x_wconf 89' lang='lat' dir='ltr'>des</span> <span class='ocrx_word' id='word_1_29' title='bbox 453 628 698 686; x_wconf 87' lang='lat' dir='ltr'>aetheris</span> <span class='ocrx_word' id='word_1_30' title='bbox 727 628 909 686; x_wconf 90' lang='lat' dir='ltr'>modo</span> <span class='ocrx_word' id='word_1_31' title='bbox 940 628 1385 705; x_wconf 85' lang='lat' dir='ltr'>aliquantulum</span> <span class='ocrx_word' id='word_1_32' title='bbox 1421 636 1484 687; x_wconf 87' lang='lat' dir='ltr'>et</span> <span class='ocrx_word' id='word_1_33' title='bbox 1509 628 1755 698; x_wconf 83' lang='lat' dir='ltr'>Oceani,</span> <span class='ocrx_word' id='word_1_34' title='bbox 1781 650 1902 688; x_wconf 91' lang='lat' dir='ltr'>non</span> <span class='ocrx_word' id='word_1_35' title='bbox 1927 630 2119 688; x_wconf 88' lang='lat' dir='ltr'>deerit</span> 
     </span>
     <span class='ocr_line' id='line_1_6' title="bbox 318 725 2118 806; baseline 0.002 -23"><span class='ocrx_word' id='word_1_36' title='bbox 318 725 420 783; x_wconf 92' lang='lat' dir='ltr'>ubi</span> <span class='ocrx_word' id='word_1_37' title='bbox 454 726 548 784; x_wconf 88' lang='lat' dir='ltr'>vel</span> <span class='ocrx_word' id='word_1_38' title='bbox 582 746 645 784; x_wconf 85' lang='lat' dir='ltr'>se</span> <span class='ocrx_word' id='word_1_39' title='bbox 677 727 979 785; x_wconf 79' lang='lat' dir='ltr'>delectare</span> <span class='ocrx_word' id='word_1_40' title='bbox 1021 728 1262 804; x_wconf 89' lang='lat' dir='ltr'>poterit,</span> <span class='ocrx_word' id='word_1_41' title='bbox 1295 728 1393 786; x_wconf 90' lang='lat' dir='ltr'>vel</span> <span class='ocrx_word' id='word_1_42' title='bbox 1438 736 1796 806; x_wconf 87' lang='lat' dir='ltr'>argumenta</span> <span class='ocrx_word' id='word_1_43' title='bbox 1838 748 1908 787; x_wconf 88' lang='lat' dir='ltr'>ac</span> <span class='ocrx_word' id='word_1_44' title='bbox 1954 729 2118 787; x_wconf 87' lang='lat' dir='ltr'>locos</span> 
     </span>
     <span class='ocr_line' id='line_1_7' title="bbox 318 825 2120 903; baseline 0.001 -22"><span class='ocrx_word' id='word_1_45' title='bbox 318 825 541 894; x_wconf 89' lang='lat' dir='ltr'>venari,</span> <span class='ocrx_word' id='word_1_46' title='bbox 563 826 781 901; x_wconf 89' lang='lat' dir='ltr'>quibus</span> <span class='ocrx_word' id='word_1_47' title='bbox 807 825 1054 903; x_wconf 87' lang='lat' dir='ltr'>Epicuri</span> <span class='ocrx_word' id='word_1_48' title='bbox 1086 826 1177 883; x_wconf 86' lang='lat' dir='ltr'>sui</span> <span class='ocrx_word' id='word_1_49' title='bbox 1208 825 1650 903; x_wconf 86' lang='lat' dir='ltr'>philosophiam</span> <span class='ocrx_word' id='word_1_50' title='bbox 1674 834 1936 885; x_wconf 88' lang='lat' dir='ltr'>tueatur.</span> <span class='ocrx_word' id='word_1_51' title='bbox 2005 827 2120 885; x_wconf 90' lang='lat' dir='ltr'>Ni-</span> 
     </span>
     <span class='ocr_line' id='line_1_8' title="bbox 317 924 2120 1003; baseline 0.002 -23"><span class='ocrx_word' id='word_1_52' title='bbox 317 924 560 994; x_wconf 90' lang='lat' dir='ltr'>mirum,</span> <span class='ocrx_word' id='word_1_53' title='bbox 614 946 974 1002; x_wconf 91' lang='lat' dir='ltr'>quocunque</span> <span class='ocrx_word' id='word_1_54' title='bbox 1035 945 1098 984; x_wconf 89' lang='lat' dir='ltr'>se</span> <span class='ocrx_word' id='word_1_55' title='bbox 1148 927 1397 984; x_wconf 89' lang='lat' dir='ltr'>verterit</span> <span class='ocrx_word' id='word_1_56' title='bbox 1456 925 1689 1003; x_wconf 87' lang='lat' dir='ltr'>aliquis,</span> <span class='ocrx_word' id='word_1_57' title='bbox 1743 926 1921 1003; x_wconf 91' lang='lat' dir='ltr'>plena</span> <span class='ocrx_word' id='word_1_58' title='bbox 1980 935 2120 984; x_wconf 89' lang='lat' dir='ltr'>sunt</span> 
     </span>
     <span class='ocr_line' id='line_1_9' title="bbox 319 1022 2119 1101; baseline 0.002 -22"><span class='ocrx_word' id='word_1_59' title='bbox 319 1023 522 1080; x_wconf 88' lang='lat' dir='ltr'>omnia</span> <span class='ocrx_word' id='word_1_60' title='bbox 551 1023 782 1080; x_wconf 86' lang='lat' dir='ltr'>arcanis</span> <span class='ocrx_word' id='word_1_61' title='bbox 813 1022 1070 1099; x_wconf 87' lang='lat' dir='ltr'>altisque</span> <span class='ocrx_word' id='word_1_62' title='bbox 1102 1022 1501 1082; x_wconf 81' lang='lat' dir='ltr'>documentis.</span> <span class='ocrx_word' id='word_1_63' title='bbox 1590 1023 1763 1082; x_wconf 92' lang='lat' dir='ltr'>Nihil</span> <span class='ocrx_word' id='word_1_64' title='bbox 1799 1044 1947 1101; x_wconf 86' lang='lat' dir='ltr'>opus</span> <span class='ocrx_word' id='word_1_65' title='bbox 1978 1032 2119 1083; x_wconf 88' lang='lat' dir='ltr'>sunt</span> 
     </span>
     <span class='ocr_line' id='line_1_10' title="bbox 319 1119 2121 1201; baseline 0.003 -25"><span class='ocrx_word' id='word_1_66' title='bbox 319 1119 661 1198; x_wconf 86' lang='lat' dir='ltr'>longinquae</span> <span class='ocrx_word' id='word_1_67' title='bbox 691 1121 1221 1199; x_wconf 88' lang='lat' dir='ltr'>peregrinationes,</span> <span class='ocrx_word' id='word_1_68' title='bbox 1253 1122 1404 1179; x_wconf 89' lang='lat' dir='ltr'>nihil</span> <span class='ocrx_word' id='word_1_69' title='bbox 1443 1142 1663 1201; x_wconf 86' lang='lat' dir='ltr'>magna</span> <span class='ocrx_word' id='word_1_70' title='bbox 1701 1122 1991 1182; x_wconf 92' lang='lat' dir='ltr'>librorum</span> <span class='ocrx_word' id='word_1_71' title='bbox 2023 1144 2121 1181; x_wconf 90' lang='lat' dir='ltr'>co-</span> 
     </span>
     <span class='ocr_line' id='line_1_11' title="bbox 318 1220 2123 1299; baseline 0.003 -23"><span class='ocrx_word' id='word_1_72' title='bbox 318 1220 434 1297; x_wconf 88' lang='lat' dir='ltr'>pia,</span> <span class='ocrx_word' id='word_1_73' title='bbox 481 1220 627 1277; x_wconf 91' lang='lat' dir='ltr'>nihil</span> <span class='ocrx_word' id='word_1_74' title='bbox 685 1222 975 1279; x_wconf 86' lang='lat' dir='ltr'>curiosior</span> <span class='ocrx_word' id='word_1_75' title='bbox 1025 1220 1288 1279; x_wconf 85' lang='lat' dir='ltr'>historiae</span> <span class='ocrx_word' id='word_1_76' title='bbox 1336 1222 1557 1280; x_wconf 88' lang='lat' dir='ltr'>veteris</span> <span class='ocrx_word' id='word_1_77' title='bbox 1610 1222 1957 1299; x_wconf 88' lang='lat' dir='ltr'>inquisitio:</span> <span class='ocrx_word' id='word_1_78' title='bbox 2011 1223 2123 1281; x_wconf 90' lang='lat' dir='ltr'>cir-</span> 
     </span>
     <span class='ocr_line' id='line_1_12' title="bbox 319 1319 2120 1399; baseline 0.002 -23"><span class='ocrx_word' id='word_1_79' title='bbox 319 1319 617 1378; x_wconf 84' lang='lat' dir='ltr'>cumferas</span> <span class='ocrx_word' id='word_1_80' title='bbox 683 1321 865 1378; x_wconf 88' lang='lat' dir='ltr'>modo</span> <span class='ocrx_word' id='word_1_81' title='bbox 933 1319 1154 1389; x_wconf 88' lang='lat' dir='ltr'>oculos,</span> <span class='ocrx_word' id='word_1_82' title='bbox 1208 1319 1402 1379; x_wconf 88' lang='lat' dir='ltr'>aderit</span> <span class='ocrx_word' id='word_1_83' title='bbox 1469 1322 1737 1390; x_wconf 89' lang='lat' dir='ltr'>materia,</span> <span class='ocrx_word' id='word_1_84' title='bbox 1800 1328 2120 1399; x_wconf 88' lang='lat' dir='ltr'>postquam</span> 
     </span>
     <span class='ocr_line' id='line_1_13' title="bbox 318 1418 2121 1498; baseline 0.002 -23"><span class='ocrx_word' id='word_1_85' title='bbox 318 1418 504 1476; x_wconf 88' lang='lat' dir='ltr'>semel</span> <span class='ocrx_word' id='word_1_86' title='bbox 538 1438 601 1477; x_wconf 86' lang='lat' dir='ltr'>se</span> <span class='ocrx_word' id='word_1_87' title='bbox 631 1420 874 1496; x_wconf 88' lang='lat' dir='ltr'>penitus</span> <span class='ocrx_word' id='word_1_88' title='bbox 910 1419 1197 1478; x_wconf 88' lang='lat' dir='ltr'>imbuerit</span> <span class='ocrx_word' id='word_1_89' title='bbox 1239 1421 1475 1478; x_wconf 86' lang='lat' dir='ltr'>animus</span> <span class='ocrx_word' id='word_1_90' title='bbox 1506 1428 1672 1479; x_wconf 89' lang='lat' dir='ltr'>certa</span> <span class='ocrx_word' id='word_1_91' title='bbox 1701 1421 1960 1498; x_wconf 89' lang='lat' dir='ltr'>quadam</span> <span class='ocrx_word' id='word_1_92' title='bbox 1993 1422 2121 1479; x_wconf 89' lang='lat' dir='ltr'>sive</span> 
     </span>
     <span class='ocr_line' id='line_1_14' title="bbox 320 1519 2121 1586; baseline 0.001 -11"><span class='ocrx_word' id='word_1_93' title='bbox 320 1519 593 1577; x_wconf 86' lang='lat' dir='ltr'>doctrina</span> <span class='ocrx_word' id='word_1_94' title='bbox 653 1538 757 1577; x_wconf 90' lang='lat' dir='ltr'>seu</span> <span class='ocrx_word' id='word_1_95' title='bbox 819 1519 1187 1577; x_wconf 87' lang='lat' dir='ltr'>somniorum</span> <span class='ocrx_word' id='word_1_96' title='bbox 1250 1520 1420 1586; x_wconf 82' lang='lat' dir='ltr'>serie,</span> <span class='ocrx_word' id='word_1_97' title='bbox 1470 1520 1763 1579; x_wconf 77' lang='lat' dir='ltr'>doctrinae</span> <span class='ocrx_word' id='word_1_98' title='bbox 1816 1520 2121 1578; x_wconf 88' lang='lat' dir='ltr'>similium.</span> 
     </span>
     <span class='ocr_line' id='line_1_15' title="bbox 320 1617 2119 1696; baseline 0.001 -22"><span class='ocrx_word' id='word_1_99' title='bbox 320 1617 521 1675; x_wconf 90' lang='lat' dir='ltr'>Immo</span> <span class='ocrx_word' id='word_1_100' title='bbox 571 1638 709 1677; x_wconf 89' lang='lat' dir='ltr'>cum</span> <span class='ocrx_word' id='word_1_101' title='bbox 762 1619 989 1676; x_wconf 87' lang='lat' dir='ltr'>eximia</span> <span class='ocrx_word' id='word_1_102' title='bbox 1025 1619 1286 1695; x_wconf 89' lang='lat' dir='ltr'>quadam</span> <span class='ocrx_word' id='word_1_103' title='bbox 1332 1617 1647 1696; x_wconf 85' lang='lat' dir='ltr'>voluptate</span> <span class='ocrx_word' id='word_1_104' title='bbox 1692 1627 1755 1677; x_wconf 92' lang='lat' dir='ltr'>et</span> <span class='ocrx_word' id='word_1_105' title='bbox 1804 1619 2119 1696; x_wconf 88' lang='lat' dir='ltr'>concipere</span> 
     </span>
     <span class='ocr_line' id='line_1_16' title="bbox 318 1716 2120 1795; baseline 0.001 -21"><span class='ocrx_word' id='word_1_106' title='bbox 318 1716 581 1776; x_wconf 88' lang='lat' dir='ltr'>solemus</span> <span class='ocrx_word' id='word_1_107' title='bbox 627 1725 690 1775; x_wconf 87' lang='lat' dir='ltr'>et</span> <span class='ocrx_word' id='word_1_108' title='bbox 736 1718 941 1776; x_wconf 87' lang='lat' dir='ltr'>fovere</span> <span class='ocrx_word' id='word_1_109' title='bbox 987 1737 1087 1775; x_wconf 89' lang='lat' dir='ltr'>eas</span> <span class='ocrx_word' id='word_1_110' title='bbox 1135 1718 1465 1794; x_wconf 77' lang='lat' dir='ltr'>praesertim</span> <span class='ocrx_word' id='word_1_111' title='bbox 1513 1718 1839 1795; x_wconf 79' lang='lat' dir='ltr'>opinioneS‚</span> <span class='ocrx_word' id='word_1_112' title='bbox 1879 1738 2011 1795; x_wconf 83' lang='lat' dir='ltr'>quae</span> <span class='ocrx_word' id='word_1_113' title='bbox 2057 1725 2120 1776; x_wconf 89' lang='lat' dir='ltr'>et</span> 
     </span>
     <span class='ocr_line' id='line_1_17' title="bbox 318 1815 2123 1894; baseline 0.002 -23"><span class='ocrx_word' id='word_1_114' title='bbox 318 1815 486 1894; x_wconf 86' lang='lat' dir='ltr'>vulgi</span> <span class='ocrx_word' id='word_1_115' title='bbox 531 1822 777 1893; x_wconf 89' lang='lat' dir='ltr'>captum</span> <span class='ocrx_word' id='word_1_116' title='bbox 821 1817 1248 1875; x_wconf 88' lang='lat' dir='ltr'>transcendere</span> <span class='ocrx_word' id='word_1_117' title='bbox 1289 1815 1626 1886; x_wconf 89' lang='lat' dir='ltr'>videantur,</span> <span class='ocrx_word' id='word_1_118' title='bbox 1659 1824 1722 1875; x_wconf 85' lang='lat' dir='ltr'>et</span> <span class='ocrx_word' id='word_1_119' title='bbox 1767 1817 1842 1875; x_wconf 90' lang='lat' dir='ltr'>ad</span> <span class='ocrx_word' id='word_1_120' title='bbox 1889 1836 1989 1874; x_wconf 88' lang='lat' dir='ltr'>eas</span> <span class='ocrx_word' id='word_1_121' title='bbox 2032 1823 2123 1874; x_wconf 88' lang='lat' dir='ltr'>ta-</span> 
     </span>
     <span class='ocr_line' id='line_1_18' title="bbox 318 1913 2120 1993; baseline 0 -21"><span class='ocrx_word' id='word_1_122' title='bbox 318 1934 460 1973; x_wconf 89' lang='lat' dir='ltr'>men</span> <span class='ocrx_word' id='word_1_123' title='bbox 513 1935 606 1974; x_wconf 89' lang='lat' dir='ltr'>res</span> <span class='ocrx_word' id='word_1_124' title='bbox 658 1916 1019 1993; x_wconf 85' lang='lat' dir='ltr'>pertineant,</span> <span class='ocrx_word' id='word_1_125' title='bbox 1064 1935 1196 1992; x_wconf 86' lang='lat' dir='ltr'>quae</span> <span class='ocrx_word' id='word_1_126' title='bbox 1247 1915 1311 1973; x_wconf 91' lang='lat' dir='ltr'>in</span> <span class='ocrx_word' id='word_1_127' title='bbox 1360 1913 1549 1974; x_wconf 90' lang='lat' dir='ltr'>oculis</span> <span class='ocrx_word' id='word_1_128' title='bbox 1597 1923 1780 1992; x_wconf 86' lang='lat' dir='ltr'>atque</span> <span class='ocrx_word' id='word_1_129' title='bbox 1833 1935 1935 1973; x_wconf 92' lang='lat' dir='ltr'>ore</span> <span class='ocrx_word' id='word_1_130' title='bbox 1981 1923 2120 1973; x_wconf 88' lang='lat' dir='ltr'>sunt</span> 
     </span>
     <span class='ocr_line' id='line_1_19' title="bbox 319 2014 2121 2092; baseline 0.001 -22"><span class='ocrx_word' id='word_1_131' title='bbox 319 2015 610 2073; x_wconf 89' lang='lat' dir='ltr'>omnium.</span> <span class='ocrx_word' id='word_1_132' title='bbox 703 2014 949 2091; x_wconf 87' lang='lat' dir='ltr'>Nempe</span> <span class='ocrx_word' id='word_1_133' title='bbox 992 2014 1247 2072; x_wconf 87' lang='lat' dir='ltr'>mirifice</span> <span class='ocrx_word' id='word_1_134' title='bbox 1293 2014 1405 2072; x_wconf 91' lang='lat' dir='ltr'>sibi</span> <span class='ocrx_word' id='word_1_135' title='bbox 1442 2014 1662 2091; x_wconf 90' lang='lat' dir='ltr'>placet,</span> <span class='ocrx_word' id='word_1_136' title='bbox 1694 2016 1797 2092; x_wconf 89' lang='lat' dir='ltr'>qui</span> <span class='ocrx_word' id='word_1_137' title='bbox 1833 2014 1895 2071; x_wconf 92' lang='lat' dir='ltr'>in</span> <span class='ocrx_word' id='word_1_138' title='bbox 1941 2014 2121 2072; x_wconf 90' lang='lat' dir='ltr'>rebus</span> 
     </span>
     <span class='ocr_line' id='line_1_20' title="bbox 319 2112 2123 2192; baseline -0.001 -21"><span class='ocrx_word' id='word_1_139' title='bbox 319 2114 504 2171; x_wconf 84' lang='lat' dir='ltr'>etiam</span> <span class='ocrx_word' id='word_1_140' title='bbox 537 2114 867 2192; x_wconf 85' lang='lat' dir='ltr'>peregrinis</span> <span class='ocrx_word' id='word_1_141' title='bbox 898 2120 1083 2190; x_wconf 91' lang='lat' dir='ltr'>atque</span> <span class='ocrx_word' id='word_1_142' title='bbox 1114 2112 1401 2172; x_wconf 86' lang='lat' dir='ltr'>obsoletis</span> <span class='ocrx_word' id='word_1_143' title='bbox 1432 2114 1668 2172; x_wconf 91' lang='lat' dir='ltr'>acutius</span> <span class='ocrx_word' id='word_1_144' title='bbox 1698 2114 1984 2191; x_wconf 90' lang='lat' dir='ltr'>quiddam</span> <span class='ocrx_word' id='word_1_145' title='bbox 2017 2132 2123 2170; x_wconf 84' lang='lat' dir='ltr'>ex-</span> 
     </span>
     <span class='ocr_line' id='line_1_21' title="bbox 319 2210 2123 2289; baseline -0.001 -21"><span class='ocrx_word' id='word_1_146' title='bbox 319 2212 712 2289; x_wconf 83' lang='lat' dir='ltr'>cogitaverit3</span> <span class='ocrx_word' id='word_1_147' title='bbox 753 2212 857 2270; x_wconf 89' lang='lat' dir='ltr'>sed</span> <span class='ocrx_word' id='word_1_148' title='bbox 889 2231 1046 2269; x_wconf 90' lang='lat' dir='ltr'>novo</span> <span class='ocrx_word' id='word_1_149' title='bbox 1083 2231 1153 2270; x_wconf 90' lang='lat' dir='ltr'>ac</span> <span class='ocrx_word' id='word_1_150' title='bbox 1191 2210 1431 2288; x_wconf 90' lang='lat' dir='ltr'>proprio</span> <span class='ocrx_word' id='word_1_151' title='bbox 1461 2210 1690 2269; x_wconf 91' lang='lat' dir='ltr'>lumine</span> <span class='ocrx_word' id='word_1_152' title='bbox 1722 2212 1945 2269; x_wconf 86' lang='lat' dir='ltr'>donare</span> <span class='ocrx_word' id='word_1_153' title='bbox 1991 2229 2123 2287; x_wconf 90' lang='lat' dir='ltr'>per-</span> 
     </span>
     <span class='ocr_line' id='line_1_22' title="bbox 321 2310 2122 2388; baseline 0 -21"><span class='ocrx_word' id='word_1_154' title='bbox 321 2319 598 2388; x_wconf 83' lang='lat' dir='ltr'>vagatam</span> <span class='ocrx_word' id='word_1_155' title='bbox 641 2310 903 2387; x_wconf 90' lang='lat' dir='ltr'>aliquam</span> <span class='ocrx_word' id='word_1_156' title='bbox 944 2331 1014 2369; x_wconf 90' lang='lat' dir='ltr'>ac</span> <span class='ocrx_word' id='word_1_157' title='bbox 1055 2312 1264 2368; x_wconf 89' lang='lat' dir='ltr'>tritam</span> <span class='ocrx_word' id='word_1_158' title='bbox 1308 2310 1696 2387; x_wconf 85' lang='lat' dir='ltr'>provinciam,</span> <span class='ocrx_word' id='word_1_159' title='bbox 1728 2311 1790 2368; x_wconf 91' lang='lat' dir='ltr'>id</span> <span class='ocrx_word' id='word_1_160' title='bbox 1821 2330 1963 2368; x_wconf 91' lang='lat' dir='ltr'>vero</span> <span class='ocrx_word' id='word_1_161' title='bbox 2005 2311 2122 2368; x_wconf 87' lang='lat' dir='ltr'>sin-</span> 
     </span>
     <span class='ocr_line' id='line_1_23' title="bbox 318 2410 2123 2488; baseline 0 -21"><span class='ocrx_word' id='word_1_162' title='bbox 318 2410 542 2488; x_wconf 85' lang='lat' dir='ltr'>gularis</span> <span class='ocrx_word' id='word_1_163' title='bbox 580 2411 888 2487; x_wconf 73' lang='lat' dir='ltr'>sapientise</span> <span class='ocrx_word' id='word_1_164' title='bbox 918 2430 989 2469; x_wconf 90' lang='lat' dir='ltr'>ac</span> <span class='ocrx_word' id='word_1_165' title='bbox 1020 2417 1261 2468; x_wconf 89' lang='lat' dir='ltr'>tantum</span> <span class='ocrx_word' id='word_1_166' title='bbox 1304 2429 1426 2467; x_wconf 89' lang='lat' dir='ltr'>non</span> <span class='ocrx_word' id='word_1_167' title='bbox 1459 2410 1679 2467; x_wconf 88' lang='lat' dir='ltr'>divinae</span> <span class='ocrx_word' id='word_1_168' title='bbox 1710 2410 1838 2468; x_wconf 88' lang='lat' dir='ltr'>fore</span> <span class='ocrx_word' id='word_1_169' title='bbox 1868 2429 2123 2488; x_wconf 86' lang='lat' dir='ltr'>augura-</span> 
     </span>
     <span class='ocr_line' id='line_1_24' title="bbox 318 2507 2121 2586; baseline -0.001 -20"><span class='ocrx_word' id='word_1_170' title='bbox 318 2528 473 2566; x_wconf 88' lang='lat' dir='ltr'>mur.</span> <span class='ocrx_word' id='word_1_171' title='bbox 564 2509 729 2578; x_wconf 84' lang='lat' dir='ltr'>Quin</span> <span class='ocrx_word' id='word_1_172' title='bbox 774 2508 893 2567; x_wconf 91' lang='lat' dir='ltr'>alio</span> <span class='ocrx_word' id='word_1_173' title='bbox 939 2528 1109 2586; x_wconf 85' lang='lat' dir='ltr'>paene</span> <span class='ocrx_word' id='word_1_174' title='bbox 1155 2528 1350 2578; x_wconf 87' lang='lat' dir='ltr'>sensu,</span> <span class='ocrx_word' id='word_1_175' title='bbox 1396 2515 1620 2586; x_wconf 86' lang='lat' dir='ltr'>praeter</span> <span class='ocrx_word' id='word_1_176' title='bbox 1663 2507 1798 2567; x_wconf 92' lang='lat' dir='ltr'>illos</span> <span class='ocrx_word' id='word_1_177' title='bbox 1835 2508 2121 2586; x_wconf 91' lang='lat' dir='ltr'>quinque,</span> 
     </span>
     <span class='ocr_line' id='line_1_25' title="bbox 319 2607 2120 2686; baseline -0.001 -21"><span class='ocrx_word' id='word_1_178' title='bbox 319 2627 469 2684; x_wconf 92' lang='lat' dir='ltr'>quos</span> <span class='ocrx_word' id='word_1_179' title='bbox 520 2608 690 2666; x_wconf 89' lang='lat' dir='ltr'>novit</span> <span class='ocrx_word' id='word_1_180' title='bbox 741 2607 1000 2678; x_wconf 88' lang='lat' dir='ltr'>Natura,</span> <span class='ocrx_word' id='word_1_181' title='bbox 1053 2607 1347 2686; x_wconf 74' lang='lat' dir='ltr'>praeditus</span> <span class='ocrx_word' id='word_1_182' title='bbox 1400 2626 1530 2665; x_wconf 86' lang='lat' dir='ltr'>esse</span> <span class='ocrx_word' id='word_1_183' title='bbox 1575 2607 1868 2677; x_wconf 87' lang='lat' dir='ltr'>videatur,</span> <span class='ocrx_word' id='word_1_184' title='bbox 1911 2607 2013 2683; x_wconf 92' lang='lat' dir='ltr'>qui</span> <span class='ocrx_word' id='word_1_185' title='bbox 2057 2607 2120 2663; x_wconf 90' lang='lat' dir='ltr'>in</span> 
     </span>
     <span class='ocr_line' id='line_1_26' title="bbox 318 2706 2119 2784; baseline -0.001 -20"><span class='ocrx_word' id='word_1_186' title='bbox 318 2708 598 2766; x_wconf 88' lang='lat' dir='ltr'>universo</span> <span class='ocrx_word' id='word_1_187' title='bbox 623 2707 739 2766; x_wconf 90' lang='lat' dir='ltr'>hoc</span> <span class='ocrx_word' id='word_1_188' title='bbox 761 2708 922 2777; x_wconf 92' lang='lat' dir='ltr'>orbe,</span> <span class='ocrx_word' id='word_1_189' title='bbox 949 2708 1092 2776; x_wconf 88' lang='lat' dir='ltr'>sole,</span> <span class='ocrx_word' id='word_1_190' title='bbox 1117 2706 1285 2777; x_wconf 82' lang='lat' dir='ltr'>caeIO,</span> <span class='ocrx_word' id='word_1_191' title='bbox 1310 2725 1600 2784; x_wconf 90' lang='lat' dir='ltr'>aquarum</span> <span class='ocrx_word' id='word_1_192' title='bbox 1632 2707 1905 2783; x_wconf 89' lang='lat' dir='ltr'>aerisque</span> <span class='ocrx_word' id='word_1_193' title='bbox 1929 2712 2119 2773; x_wconf 74' lang='lat' dir='ltr'>mom,</span> 
     </span>
     <span class='ocr_line' id='line_1_27' title="bbox 318 2807 2121 2885; baseline -0.001 -21"><span class='ocrx_word' id='word_1_194' title='bbox 318 2807 657 2884; x_wconf 89' lang='lat' dir='ltr'>potentiam</span> <span class='ocrx_word' id='word_1_195' title='bbox 689 2809 990 2885; x_wconf 89' lang='lat' dir='ltr'>quandam</span> <span class='ocrx_word' id='word_1_196' title='bbox 1033 2807 1336 2866; x_wconf 88' lang='lat' dir='ltr'>occultam</span> <span class='ocrx_word' id='word_1_197' title='bbox 1379 2826 1500 2864; x_wconf 89' lang='lat' dir='ltr'>non</span> <span class='ocrx_word' id='word_1_198' title='bbox 1532 2807 1714 2865; x_wconf 88' lang='lat' dir='ltr'>modo</span> <span class='ocrx_word' id='word_1_199' title='bbox 1746 2807 1987 2875; x_wconf 87' lang='lat' dir='ltr'>sentire,</span> <span class='ocrx_word' id='word_1_200' title='bbox 2020 2825 2121 2863; x_wconf 88' lang='lat' dir='ltr'>ve-</span> 
     </span>
     <span class='ocr_line' id='line_1_28' title="bbox 318 2905 2118 2984; baseline -0.001 -21"><span class='ocrx_word' id='word_1_201' title='bbox 318 2926 451 2963; x_wconf 91' lang='lat' dir='ltr'>rum</span> <span class='ocrx_word' id='word_1_202' title='bbox 479 2907 555 2964; x_wconf 87' lang='lat' dir='ltr'>ad</span> <span class='ocrx_word' id='word_1_203' title='bbox 580 2906 923 2984; x_wconf 87' lang='lat' dir='ltr'>legitimum</span> <span class='ocrx_word' id='word_1_204' title='bbox 946 2926 1187 2984; x_wconf 89' lang='lat' dir='ltr'>quoque</span> <span class='ocrx_word' id='word_1_205' title='bbox 1210 2906 1548 2975; x_wconf 90' lang='lat' dir='ltr'>modulum,</span> <span class='ocrx_word' id='word_1_206' title='bbox 1563 2915 1876 2983; x_wconf 89' lang='lat' dir='ltr'>certasque</span> <span class='ocrx_word' id='word_1_207' title='bbox 1899 2905 2118 2984; x_wconf 88' lang='lat' dir='ltr'>agendi</span> 
     </span>
     <span class='ocr_line' id='line_1_29' title="bbox 318 3005 2116 3085; baseline 0.001 -22"><span class='ocrx_word' id='word_1_208' title='bbox 318 3006 580 3063; x_wconf 85' lang='lat' dir='ltr'>rationes</span> <span class='ocrx_word' id='word_1_209' title='bbox 633 3007 878 3084; x_wconf 85' lang='lat' dir='ltr'>exigere</span> <span class='ocrx_word' id='word_1_210' title='bbox 927 3008 1133 3085; x_wconf 89' lang='lat' dir='ltr'>possit.</span> <span class='ocrx_word' id='word_1_211' title='bbox 1225 3006 1328 3064; x_wconf 91' lang='lat' dir='ltr'>Ne</span> <span class='ocrx_word' id='word_1_212' title='bbox 1380 3006 1537 3064; x_wconf 81' lang='lat' dir='ltr'>forte</span> <span class='ocrx_word' id='word_1_213' title='bbox 1587 3005 1844 3064; x_wconf 87' lang='lat' dir='ltr'>miretur</span> <span class='ocrx_word' id='word_1_214' title='bbox 1884 3006 2116 3083; x_wconf 55' lang='lat' dir='ltr'>aliquis</span> 
     </span>
     <span class='ocr_line' id='line_1_30' title="bbox 318 3104 2117 3182; baseline 0 -20"><span class='ocrx_word' id='word_1_215' title='bbox 318 3124 502 3182; x_wconf 88' lang='lat' dir='ltr'>quem</span> <span class='ocrx_word' id='word_1_216' title='bbox 547 3124 657 3163; x_wconf 90' lang='lat' dir='ltr'>nos</span> <span class='ocrx_word' id='word_1_217' title='bbox 702 3106 938 3165; x_wconf 88' lang='lat' dir='ltr'>obscuri</span> <span class='ocrx_word' id='word_1_218' title='bbox 985 3114 1048 3164; x_wconf 90' lang='lat' dir='ltr'>et</span> <span class='ocrx_word' id='word_1_219' title='bbox 1093 3104 1312 3163; x_wconf 88' lang='lat' dir='ltr'>infiniti</span> <span class='ocrx_word' id='word_1_220' title='bbox 1365 3124 1485 3182; x_wconf 83' lang='lat' dir='ltr'>prae</span> <span class='ocrx_word' id='word_1_221' title='bbox 1530 3105 1760 3163; x_wconf 87' lang='lat' dir='ltr'>caeteris</span> <span class='ocrx_word' id='word_1_222' title='bbox 1811 3113 2117 3164; x_wconf 86' lang='lat' dir='ltr'>amantem</span> 
     </span>
     <span class='ocr_line' id='line_1_31' title="bbox 318 3204 2116 3282; baseline 0 -20"><span class='ocrx_word' id='word_1_223' title='bbox 318 3204 502 3262; x_wconf 84' lang='lat' dir='ltr'>fuisse</span> <span class='ocrx_word' id='word_1_224' title='bbox 543 3204 967 3281; x_wconf 79' lang='lat' dir='ltr'>judicavimUS‚</span> <span class='ocrx_word' id='word_1_225' title='bbox 1015 3206 1278 3264; x_wconf 88' lang='lat' dir='ltr'>eundem</span> <span class='ocrx_word' id='word_1_226' title='bbox 1324 3206 1386 3262; x_wconf 90' lang='lat' dir='ltr'>in</span> <span class='ocrx_word' id='word_1_227' title='bbox 1432 3206 1821 3282; x_wconf 87' lang='lat' dir='ltr'>apertissimis</span> <span class='ocrx_word' id='word_1_228' title='bbox 1872 3205 2116 3282; x_wconf 79' lang='lat' dir='ltr'>campiS,</span> 
     </span>
     <span class='ocr_line' id='line_1_32' title="bbox 318 3303 2116 3381; baseline -0.001 -19"><span class='ocrx_word' id='word_1_229' title='bbox 318 3311 504 3381; x_wconf 88' lang='lat' dir='ltr'>atque</span> <span class='ocrx_word' id='word_1_230' title='bbox 534 3304 594 3361; x_wconf 91' lang='lat' dir='ltr'>in</span> <span class='ocrx_word' id='word_1_231' title='bbox 628 3304 824 3374; x_wconf 86' lang='lat' dir='ltr'>trivi0‚</span> <span class='ocrx_word' id='word_1_232' title='bbox 856 3312 927 3363; x_wconf 93' lang='lat' dir='ltr'>ut</span> <span class='ocrx_word' id='word_1_233' title='bbox 957 3306 1045 3364; x_wconf 90' lang='lat' dir='ltr'>ita</span> <span class='ocrx_word' id='word_1_234' title='bbox 1074 3306 1291 3374; x_wconf 87' lang='lat' dir='ltr'>dicam,</span> <span class='ocrx_word' id='word_1_235' title='bbox 1323 3305 1654 3363; x_wconf 87' lang='lat' dir='ltr'>maximam</span> <span class='ocrx_word' id='word_1_236' title='bbox 1690 3311 1923 3381; x_wconf 86' lang='lat' dir='ltr'>partem</span> <span class='ocrx_word' id='word_1_237' title='bbox 1955 3303 2116 3362; x_wconf 83' lang='lat' dir='ltr'>ultro</span> 
     </span>
     <span class='ocr_line' id='line_1_33' title="bbox 320 3402 857 3461; baseline 0.006 -3"><span class='ocrx_word' id='word_1_238' title='bbox 320 3408 624 3460; x_wconf 86' lang='lat' dir='ltr'>versatum</span> <span class='ocrx_word' id='word_1_239' title='bbox 655 3402 857 3461; x_wconf 83' lang='lat' dir='ltr'>fuisse.</span> 
     </span>
    </p>

    <p class='ocr_par' dir='ltr' id='par_1_3' title="bbox 319 3498 2117 3677">
     <span class='ocr_line' id='line_1_34' title="bbox 407 3498 2117 3571; baseline -0.001 -14"><span class='ocrx_word' id='word_1_240' title='bbox 407 3498 549 3557; x_wconf 85' lang='lat' dir='ltr'>“At</span> <span class='ocrx_word' id='word_1_241' title='bbox 593 3501 756 3557; x_wconf 89' lang='lat' dir='ltr'>enim</span> <span class='ocrx_word' id='word_1_242' title='bbox 803 3522 924 3559; x_wconf 91' lang='lat' dir='ltr'>non</span> <span class='ocrx_word' id='word_1_243' title='bbox 969 3504 1195 3561; x_wconf 84' lang='lat' dir='ltr'>invitus</span> <span class='ocrx_word' id='word_1_244' title='bbox 1238 3508 1509 3560; x_wconf 88' lang='lat' dir='ltr'>moratur</span> <span class='ocrx_word' id='word_1_245' title='bbox 1553 3501 1865 3571; x_wconf 26' lang='lat' dir='ltr'>interdum,</span> <span class='ocrx_word' id='word_1_246' title='bbox 1892 3499 2117 3557; x_wconf 88' lang='lat' dir='ltr'>Lucre-</span> 
     </span>
     <span class='ocr_line' id='line_1_35' title="bbox 319 3597 2112 3677; baseline -0.002 -20"><span class='ocrx_word' id='word_1_247' title='bbox 319 3600 441 3658; x_wconf 85' lang='lat' dir='ltr'>tius</span> <span class='ocrx_word' id='word_1_248' title='bbox 485 3605 691 3657; x_wconf 87' lang='lat' dir='ltr'>noster</span> <span class='ocrx_word' id='word_1_249' title='bbox 733 3600 795 3656; x_wconf 91' lang='lat' dir='ltr'>in</span> <span class='ocrx_word' id='word_1_250' title='bbox 841 3602 1092 3659; x_wconf 89' lang='lat' dir='ltr'>materie</span> <span class='ocrx_word' id='word_1_251' title='bbox 1138 3602 1281 3660; x_wconf 87' lang='lat' dir='ltr'>satis</span> <span class='ocrx_word' id='word_1_252' title='bbox 1329 3599 1624 3677; x_wconf 87' lang='lat' dir='ltr'>impedita</span> <span class='ocrx_word' id='word_1_253' title='bbox 1666 3607 1730 3657; x_wconf 87' lang='lat' dir='ltr'>et</span> <span class='ocrx_word' id='word_1_254' title='bbox 1772 3597 2112 3675; x_wconf 82' lang='lat' dir='ltr'>multiplici.</span> 
     </span>
    </p>
   </div>
  </div>
 </body>
</html>
