2288 4036
217 161 518 195 PRAEL.XXI1.
626 143 731 194 Gur
743 141 1029 210 placanda?
1037 141 1245 210 fuerint
1273 139 1600 191 Eumenides,
1857 140 1962 190 435

215 290 458 358 putatur
492 284 551 339 in
592 302 662 340 eo
699 283 847 339 libro
885 283 958 338 de
1002 282 1202 356 iniqua
1241 280 1579 337 conditione
1610 277 1864 344 vivendi,
1894 285 1963 333 ut

215 380 416 436 redeat
447 380 687 435 demum
726 397 817 436 res
854 379 1043 435 omnis
1087 378 1160 434 ad
1205 377 1378 433 unius
1409 374 1836 432 Gubernatoris
1873 393 1962 430 ar-

216 475 496 531 bitrium.
480 474 502 516 2
551 494 731 550 quem
771 493 907 532 oum
944 473 1139 532 omni-a
1171 492 1343 550 posse
1385 471 1637 538 fateariS‚
1675 470 1962 527 concedas

214 557 465 645 oportet,
495 569 649 628 nihil
673 570 865 647 iniquz
894 590 1019 628 eum
1049 568 1199 628 velle.

297 666 473 734 Quod
523 674 724 724 autem
783 665 1076 734 Minerva,
1129 665 1422 723 caleulum
1479 665 1700 721 addens
1745 662 1962 730 Oresti,

212 779 345 817 suas
368 762 654 836 quasdam
683 761 940 819 rationes
966 761 1219 836 subjecit
1241 769 1316 794 ¹¹¹·

561 889 699 947 μητὴρ
719 890 803 947 γὰρ
825 892 939 935 οὔτις
960 889 1094 940 ἔστιν,
1118 888 1142 945 ἦ
1162 888 1205 945 μ’
1227 887 1433 945 ἐγείνατο.

561 961 612 1004 τὸ
634 961 670 1004 δ’
693 961 830 1019 ἆρα-ἑν
849 961 951 1004 αι’νῶ
970 961 1122 1012 πάντα,
1143 960 1257 1016 πλὴν
1276 961 1416 1017 γάμου
1439 961 1599 1017 τυχεῖν,

560 1032 715 1077 ἁπάντι
737 1033 870 1093 θύμῳ,
895 1034 1028 1089 κάρτα
1050 1032 1088 1076 δ’
1109 1033 1194 1088 εἷμὶ
1214 1035 1291 1076 τοῦ
1310 1033 1489 1088 πατρός.

563 1103 673 1148 Οὕτω
693 1106 891 1162 γυναικὸς
911 1105 961 1148 01’1
980 1103 1236 1161 προτιμήσω
1256 1105 1392 1161 μόρον

561 1175 696 1233 ἆνδρὰ
715 1173 951 1232 κτανούσης
971 1176 1176 1232 δωμάτων
1196 1175 1446 1220 ἐπίσκοπον·

211 1290 393 1346 nolite
434 1298 644 1366 putare
689 1299 919 1349 tantam
956 1310 1082 1348 rem
1112 1298 1233 1348 tam
1273 1289 1390 1346 levi
1425 1294 1775 1365 argumento
1818 1305 1961 1362 pen-

210 1386 364 1441 dere.
454 1386 596 1443 Non
639 1388 724 1443 rei
762 1406 1054 1444 summam
1091 1385 1351 1462 explieat
1386 1384 1477 1440 his
1508 1382 1801 1449 Minerva,
1832 1390 1963 1438 tan-

209 1487 338 1536 tum
384 1483 665 1539 admonet
707 1483 849 1557 quid
897 1482 1007 1539 sibi
1057 1483 1134 1539 sit
1182 1482 1245 1537 in
1295 1499 1486 1546 eausa,
1531 1498 1637 1535 eur
1683 1478 1961 1533 foemineo

208 1583 404 1634 eareat
443 1577 676 1646 affeetU,
708 1597 899 1662 neque
929 1577 1051 1635 ulla
1080 1597 1156 1634 ex
1186 1582 1354 1652 parte
1383 1594 1520 1632 eum
1549 1579 1740 1629 matre
1770 1574 1962 1629 occisa

207 1673 441 1729 sentiat.
516 1673 611 1729 Ex
641 1693 757 1748 quo
788 1674 1058 1742 efficitur,
1085 1673 1432 1748 sapientiam
1461 1670 1644 1737 illam,
1669 1689 1798 1744 quae
1829 1668 1961 1724 Diis

208 1773 461 1842 cognata
494 1768 571 1824 sit
611 1774 673 1824 et
717 1767 1030 1835 simillima,
1063 1766 1290 1823 virilem
1332 1766 1628 1840 quandam
1666 1764 1811 1833 fore,
1840 1781 1964 1821 oas-

207 1867 348 1926 tam,
381 1880 663 1926 severam,
692 1862 929 1937 qualem
969 1863 1117 1918 nihil
1151 1881 1410 1936 unquam
1442 1863 1515 1917 de
1550 1860 1738 1936 gradu
1777 1860 1962 1934 possit

207 1956 493 2030 dejicere:
558 1976 861 2032 nunquam
919 1957 1222 2024 efficietur,
1273 1958 1398 2014 sine
1456 1955 1588 2012 Diis
1638 1955 1958 2030 quidquam

207 2070 337 2108 eam
367 2071 559 2128 agere.

292 2147 412 2205 Sed
449 2168 526 2206 ex
572 2149 760 2206 tribus
803 2149 920 2206 illis
956 2149 1142 2206 veluti
1181 2148 1447 2205 Deorum
1481 2145 1787 2203 ordinibus
1817 2164 1962 2220 quo-

206 2245 382 2301 modo
428 2251 659 2302 constet
710 2246 1070 2322 gravissimae
1120 2240 1553 2320 provocationis
1603 2242 1770 2309 rati0‚
1819 2242 1960 2298 satis

195 2340 323 2414 jam
367 2342 704 2415 expositum
749 2359 875 2397 esse
905 2341 1159 2397 videtur.
1243 2340 1425 2407 Quod
1464 2345 1768 2413 superest:
1814 2355 1960 2411 quo-

206 2437 363 2493 niam
407 2436 517 2493 hae
562 2455 737 2493 eausa
765 2437 1061 2493 ceciderat
1104 2436 1338 2511 gravi-or
1377 2441 1440 2492 et
1478 2433 1765 2490 austerior
1807 2451 1957 2507 pars,

205 2533 534 2588 cavendum
587 2539 731 2598 erat,
777 2551 851 2587 ne
910 2532 1065 2588 forte
1112 2531 1556 2586 deminueretur
1611 2528 1832 2603 aliquid
1885 2529 1959 2584 de

205 2645 407 2683 earum
450 2628 690 2684 honore.
778 2627 918 2683 Non
954 2627 1113 2683 enim
1148 2626 1337 2682 voluit
1366 2624 1678 2700 AEsehylus
1710 2623 1956 2680 Numen

204 2722 527 2797 benignum
557 2724 631 2779 de
662 2722 932 2779 Numine
975 2741 1177 2779 severo
1220 2721 1604 2796 triumphare,
1635 2721 1738 2777 sed
1777 2739 1956 2776 unam

203 2817 570 2891 eandemque
619 2817 860 2892 reperiri
912 2817 1177 2873 omnium
1233 2816 1570 2873 Numinum
1620 2816 1739 2871 vim
1790 2834 1957 2871 men-

202 2919 444 2987 temque
483 2915 543 2969 in
580 2932 643 2969 re
687 2913 1068 2970 sanctissima.
1157 2912 1385 2987 Itaque,
1419 2911 1632 2969 Oreste
1664 2911 1956 2978 absolut0‚

202 3026 321 3063 non
378 3008 582 3065 statim
638 3013 990 3082 premuntur
1046 3006 1247 3065 aulaea„
1343 3008 1590 3065 Etenim
1649 3007 1954 3083 placandae
2026 3012 2045 3030 ⁹

201 3110 369 3159 erant
399 3103 701 3179 Erinnyes‚
733 3122 852 3159 non
891 3103 1082 3160 solum
1118 3111 1360 3179 propter
1392 3105 1620 3172 urbem,
1651 3121 1964 3180 agrosque,>

200 3199 300 3254 sed
332 3198 521 3254 multo
552 3199 740 3274 magis
775 3205 1017 3274 propter
1047 3200 1231 3256 vitam
1263 3219 1576 3276 moresque
1605 3201 1953 3267 hominum3

200 3309 274 3347 ne
304 3309 366 3347 se
397 3293 704 3366 quisquam
740 3292 903 3367 pium
935 3293 1275 3368 bonumque
1303 3294 1429 3351 fore
1458 3295 1662 3351 eredat
1693 3312 1953 3369 unquam.

917 3473 944 3491 ¹¹¹
975 3467 1103 3510 Eum.
1130 3478 1230 3525 739.

1002 3557 1038 3597 F
1067 3541 1098 3598 f
1125 3547 1162 3599 2
