2288 4036
98 211 252 248 PRAEL.
272 208 418 242 xxvr.
521 189 667 238 Iamo
691 184 935 243 videlicet,
964 184 1194 245 Hercule,
1223 183 1436 234 Achille.
1737 185 1843 234 525

99 331 396 413 βρεγμένος
425 327 606 406 ἁβρὸν
635 332 809 395 σῶμα.
898 327 1082 401 Cujus
1118 327 1197 381 rei
1231 333 1399 382 tanta
1441 333 1530 381 est
1571 327 1842 392 suavitaS‚

100 438 165 487 ut
186 427 339 484 nihil
384 428 443 482 in
484 426 654 482 terris
684 425 876 499 aptius
907 423 1256 479 adumbrare
1289 423 1558 478 videatur
1586 422 1843 478 solicitu-

99 527 292 582 dinem
337 523 498 578 illam
545 521 852 596 plusquam
899 526 1246 582 maternam,
1279 538 1395 592 qua
1439 518 1561 592 pias
1605 519 1844 584 animaS‚

100 626 287 676 morte
319 617 497 683 obita,
530 622 723 672 servat
754 615 1034 688 fovetque
1069 613 1310 670 Numen
1345 614 1685 689 benignum.
1775 613 1846 669 Id

100 713 253 790 quod
305 712 660 787 Spenserum
712 711 892 767 etiam
947 729 1040 766 res
1091 711 1231 784 ipsa,
1269 711 1357 766 uti
1399 710 1667 777 vidimUS,
1709 711 1848 767 edo-

101 798 240 867 cuit.

183 905 290 961 Est
326 910 387 959 et
427 902 573 958 illud
613 902 905 976 praecipue
939 901 1334 968 Pindaricum,
1367 903 1519 976 quod
1564 902 1736 958 elisos
1772 904 1846 959 ab

102 999 362 1059 Hercule
401 1017 602 1055 recens
633 1004 775 1052 nato
807 1004 867 1053 et
898 999 957 1052 in
988 999 1152 1054 cunis
1185 999 1458 1074 vagiente
1502 1018 1723 1074 angues
1764 1000 1848 1056 ita

102 1097 381 1172 depingit,
415 1102 482 1151 ut
524 1094 770 1150 mirifice
814 1095 1134 1170 conjungat
1180 1095 1441 1150 divinum
1489 1096 1668 1151 robur
1710 1115 1846 1152 cum

102 1194 341 1252 audacia
370 1192 619 1267 quadam
654 1169 864 1265 puerili
884 1201 924 1245 ⁰.

360 1305 426 1348 τοὶ
446 1305 538 1361 μὲν,
562 1303 784 1361 οἰχθεισᾶν
803 1305 960 1354 πυλᾶν,

359 1377 402 1422 ἐς
423 1377 617 1431 θαλάμου
637 1374 776 1433 μύχον
797 1376 921 1433 εὐρὺν
945 1377 1064 1428 ἔβαν,
1086 1376 1298 1420 τέκνοισιν
1319 1378 1466 1422 ὠκείας
1485 1378 1669 1436 γνάθους

359 1447 688 1505 ἀμφελίξασθαι
709 1448 939 1503 μεμάωτες·
969 1449 992 1490 ὁ
1014 1446 1051 1490 δ’
1075 1446 1205 1504 ὅρθον
1224 1448 1302 1504 μὲν
1323 1448 1508 1492 ἄντεινεν
1529 1451 1651 1508 κάρα,
1672 1455 1850 1508 πειρᾶτο

419 1520 465 1563 δὲ
486 1525 657 1578 πρῶτον
676 1520 831 1577 μάχας,

355 1592 566 1651 δισσαῖσι
588 1591 730 1636 δοίους
750 1591 940 1649 αὐχένων

357 1664 554 1722 μάρψαις
574 1662 782 1721 ἀφύκτοις
802 1664 959 1722 χερσὶν
980 1665 1067 1709 ἑαῖς
1087 1662 1230 1721 ὀφίας.

361 1735 616 1795 ἀγχομένοις
637 1736 683 1780 δὲ
703 1738 861 1793 χρόνος

360 1809 512 1866 ψυχὰς
532 1807 799 1852 ἀπέπνευσεν
818 1805 984 1862 μελέων
1001 1805 1195 1864 άφάτων.

105 1903 286 1970 Nihil,
320 1904 512 1970 cred0,
542 1923 618 1960 ne
655 1904 899 1979 cogitari
932 1905 1172 1978 quidem
1213 1907 1427 1980 potuit,
1460 1909 1617 1981 quod
1661 1910 1849 1984 magis

103 2008 254 2058 esset
294 2001 488 2075 dispar
529 2000 797 2056 infantiae
830 2000 998 2068 Iami,
1029 2003 1365 2060 tenerrimae
1410 2004 1495 2059 illi
1538 2013 1599 2060 et
1637 2005 1852 2061 delica-

103 2096 368 2153 tissimae:
410 2103 674 2153 attamen
706 2105 766 2152 et
797 2097 910 2152 ista
939 2098 1135 2154 nescio
1157 2101 1452 2172 quomodo
1477 2101 1570 2157 vel
1601 2122 1848 2177 puerum

105 2191 334 2265 sapiunt
366 2190 456 2247 vel
490 2192 732 2247 doctum
764 2210 898 2247 cum
930 2194 1124 2267 pueris
1155 2193 1375 2251 ludere.

187 2283 460 2361 Denique
504 2304 579 2341 ne
620 2294 816 2342 careat
852 2287 975 2344 ulla
1004 2296 1149 2344 aetas
1180 2289 1454 2364 exemplo
1500 2310 1621 2356 suc,
1656 2291 1852 2347 videte

107 2399 179 2437 an
219 2383 360 2438 satis
399 2389 571 2438 acute
618 2382 883 2457 tetigerit
917 2402 1110 2439 mores
1141 2392 1202 2441 et
1232 2385 1476 2441 affectus
1517 2406 1717 2443 eorum
1752 2390 1850 2463 qui

107 2477 300 2552 paullo
332 2486 467 2534 sunt
497 2479 662 2534 annis
693 2480 1112 2553 provectiores3
1151 2501 1267 2555 quo
1298 2483 1555 2538 carmine
1575 2483 1852 2540 videlicet

109 2575 446 2649 exsequitur
489 2573 744 2631 Achillis
791 2576 1122 2649 pueritiam,
1168 2577 1426 2633 Chirone
1469 2581 1749 2655 magistro
1793 2581 1853 2635 in

110 2669 281 2746 sylvis
309 2679 518 2738 actam,
550 2672 961 2728 venationibus
992 2681 1052 2729 et
1083 2673 1223 2730 ludo
1255 2677 1566 2750 campestri
1586 2685 1629 2732 P.

367 2783 520 2840 ξάνθος
541 2785 576 2829 δ’
597 2785 811 2843 Ἀχιλεὺς,
834 2787 886 2830 τὰ
906 2786 997 2842 μὲν,
1018 2786 1154 2843 μένων
1174 2788 1362 2846 Φιλύρας
1384 2789 1428 2833 ἐν
1451 2791 1609 2847 δόμοις,

368 2861 467 2903 παῖς
488 2858 567 2902 ἐὼν
587 2858 742 2915 ἅθυρεν
761 2857 930 2916 μεγάλα
951 2860 1071 2917 ἔργα,
1092 2861 1223 2918 χερσὶ
1245 2862 1399 2918 θαμινὰ

368 2930 696 2987 βραχυσίδαρον
717 2931 873 2974 ἄκοντα
893 2932 1087 2983 πάλλων,
1108 2931 1186 2977 ἰ’σα
1206 2933 1240 2977 τ’
1262 2933 1431 2991 ἀνέμοις

369 3002 485 3059 μάχᾳ
506 3005 763 3047 λεόντεσσιν
784 3002 1033 3061 ἀγροτέροις
1054 3005 1276 3061 ἔπρασσεν
1295 3009 1447 3064 φόνον,

372 3075 558 3131 κάπρους
578 3074 613 3118 τ’
634 3077 786 3132 ἔναιρε,
810 3078 988 3132 σώματα
1010 3077 1056 3120 δὲ
1076 3079 1192 3135 παρὰ
1214 3079 1423 3136 Κρονίδαν

374 3145 614 3204 Κένταυρον
633 3146 924 3203 ἀσθμαίνοντα
945 3150 1125 3205 κόμιζεν,

373 3217 518 3274 ἑξέτης
537 3224 772 3276 τοπρῶτον,
795 3219 900 3263 ὅλον
921 3220 956 3263 δ’
981 3221 1110 3265 ἔπειτ’
1131 3240 1182 3265 αν
1202 3225 1374 3278 χρόνον·

373 3291 447 3333 τὸν
467 3291 674 3346 ἐθάμβεεν
684 3290 890 3348 ”Αρτεμι’ς
909 3311 956 3335 τε
978 3294 1046 3336 καὶ
1067 3293 1233 3351 θρασεῖ’
1253 3294 1426 3347 Ἀθάνα,

374 3361 570 3405 κτείνοντ’
594 3363 788 3420 ἐλάφους
809 3362 907 3407 ἄνευ
928 3370 1063 3409 κυνῶν
1083 3366 1240 3411 δολίων
1261 3366 1298 3410 θ’
1321 3366 1490 3425 ἑρκέων,

372 3434 514 3477 ποσσὶ
533 3434 621 3491 γὰρ·
639 3434 860 3491 κράτεσκε.

346 3556 363 3574 ⁰
385 3551 507 3595 Nem.
536 3566 573 3594 1.
600 3552 671 3595 61.
1302 3566 1325 3595 P
1347 3559 1458 3601 Ibid.
1482 3572 1523 3614 3.
1550 3569 1619 3615 75.
