2288 4036
380 152 490 223 468
631 168 926 223 Adhibetur
950 167 1231 240 eoeemplum
1257 167 1468 237 Lyricae
1495 168 1804 234 ἀνωμαλίας.
1847 185 2008 220 PRAEL.
2027 185 2178 220 xx1v.

378 317 496 374 fuit
532 336 800 392 unquam
841 315 1034 392 magis
1075 313 1187 371 sibi
1231 314 1431 389 dispar
1465 332 1645 388 quam
1684 310 1788 369 ille
1826 312 1931 370 vir.
2022 312 2182 370 Con-

379 415 533 473 feras
575 415 754 472 modo
788 420 881 471 tot
912 411 1244 470 cantilenas
1284 410 1471 468 nimia
1513 410 1796 469 libertate
1838 409 2180 469 diffluentes

379 531 519 570 cum
572 512 918 569 dulcissimo
965 509 1071 567 illo
1124 509 1443 578 carmine-a,
1481 528 1599 585 quo
1648 508 2031 567 adumbravit
2078 530 2183 586 pa-

377 619 535 670 trem
585 631 778 678 suum,
827 608 1206 687 “agricolam
1256 608 1539 685 priscum,
1588 608 1829 677 fortem,
1874 627 2180 685 parvoque

378 709 680 778 beatum,”
716 708 894 765 ferias
935 715 1219 785 agentem
1258 707 1444 782 juxta
1482 707 1753 784 proprios
1795 707 1999 776 Lares,
2039 727 2178 765 cum

376 827 596 885 magna
626 826 746 863 non
778 807 959 862 modo
992 806 1156 882 pacis
1188 805 1554 874 domesticae,
1589 806 1691 862 sed
1725 812 1787 862 et·
1817 806 2181 882 gravissimae

374 907 619 982 pietatis
662 905 1121 982 significatione.
1214 903 1366 973 Quis
1414 911 1599 981 neget
1643 923 1854 961 sonare
1896 904 2012 962 ista
2059 925 2181 962 non

375 1006 572 1062 dicam
613 1023 795 1061 suave
842 1003 1085 1080 aliquid,
1119 1023 1330 1061 verum
1379 1004 1562 1060 etiam
1605 1002 1972 1081 religiosum,
2011 1023 2182 1062 sanc-

373 1103 669 1180 tumque?
716 1103 848 1179 quis
880 1122 1001 1159 non
1033 1102 1236 1160 doleat
1275 1088 1456 1159 simul
1494 1122 1564 1160 ac
1608 1103 1880 1170 miretur,
1912 1104 2180 1179 potuisse

374 1202 638 1258 eundem
685 1209 810 1259 tam
860 1201 982 1258 cito
1037 1200 1298 1277 migrare
1344 1200 1407 1257 in
1453 1206 1660 1276 turpes
1712 1198 1878 1257 lusus
1931 1205 1995 1257 et
2039 1218 2181 1256 con-

374 1298 574 1357 vicia?
637 1318 757 1376 qua
807 1298 871 1355 in
924 1299 1248 1375 provincia,
1303 1299 1488 1375 siquis
1539 1297 1710 1367 alius,
1766 1306 2035 1356 versatus
2087 1306 2180 1355 est

373 1400 536 1458 idem
568 1406 814 1457 strenue
846 1405 909 1455 et
941 1398 1235 1456 alacriter.

459 1497 806 1555 Dicendum
842 1497 1031 1575 igitur
1062 1497 1137 1554 de
1169 1495 1277 1554 tali
1310 1496 1617 1572 scriptore,
1649 1514 1967 1572 personam
1998 1494 2074 1553 ab
2107 1514 2179 1552 eo

370 1597 499 1675 geri
530 1617 652 1654 non
683 1597 860 1654 unius
898 1597 1000 1654 sed
1049 1596 1315 1673 plurium
1348 1595 1714 1664 Poetarum;
1760 1615 1901 1652 cum
1933 1593 2180 1652 alternis

371 1699 498 1756 fere
530 1698 896 1756 carminibus
925 1697 1068 1755 ferri
1100 1697 1380 1755 videatur
1409 1697 1471 1753 in
1502 1703 1704 1773 partes
1742 1697 2008 1754 maxime
2039 1715 2182 1753 con-

371 1799 598 1867 trariaS,
633 1798 759 1875 pari
792 1797 1031 1866 affecta,
1064 1796 1440 1873 minimeque
1482 1795 1587 1854 illo
1624 1796 1769 1854 ficto
1807 1803 1913 1853 aut
1944 1794 2179 1865 fallaci;

370 1899 499 1976 pari
532 1898 718 1955 etiam
751 1898 809 1955 vi
850 1916 1241 1955 numerorum
1278 1916 1347 1954 ac
1387 1896 1708 1954 verborum
1740 1897 2068 1955 contrarios
2105 1896 2182 1954 is-

372 2004 467 2056 tos
499 1996 753 2056 affectus
785 1997 961 2056 solari
992 1997 1249 2055 noverit.
1316 1995 1522 2066 Quaeri
1556 2003 1764 2054 autem
1796 1996 1980 2054 debet
2012 2015 2087 2054 an
2119 1997 2180 2053 in

372 2097 477 2155 illa
506 2104 678 2155 tanta
717 2097 1125 2155 inconstantia
1161 2094 1349 2154 lateat
1381 2096 1550 2172 quasi
1582 2097 1855 2172 quaedam
1901 2097 2181 2173 perennis

372 2197 650 2255 desiderii
683 2217 852 2265 vena,
886 2216 1004 2273 qua
1034 2197 1096 2252 in
1129 2215 1313 2253 unam
1344 2194 1610 2270 aliquam
1641 2215 1767 2253 rem
1801 2196 2015 2254 tendat
2056 2196 2183 2253 ani-

369 2315 506 2354 mus
530 2295 796 2372 alioquin
821 2295 912 2353 sui
938 2293 1389 2353 dissimillimus,
1461 2293 1558 2351 Ac
1591 2295 1917 2352 videndum
1949 2315 2026 2352 an
2057 2294 2181 2352 tale

370 2394 597 2472 aliquid
643 2395 803 2472 apud
845 2413 987 2453 eum
1034 2394 1109 2452 de
1148 2414 1268 2470 quo
1308 2413 1473 2451 nunc
1512 2395 1713 2471 agitur
1751 2402 2056 2471 appareat,
2102 2414 2179 2452 ex

369 2514 441 2552 ea
484 2494 752 2551 maxime
796 2499 984 2569 parte,
1017 2512 1155 2569 quae
1202 2498 1437 2569 spectat
1483 2491 1560 2550 ad
1600 2491 1921 2550 fluviorum
1958 2512 2028 2550 ac
2066 2492 2182 2570 syl-

370 2614 582 2652 varum
627 2611 914 2658 amorem,
961 2600 1146 2669 atque
1195 2593 1271 2650 ad
1323 2591 1793 2669 pulcherrimam
1841 2591 1998 2650 hanc
2052 2592 2179 2650 caeli

369 2715 439 2753 ac
480 2702 779 2753 terrarum
816 2692 1071 2750 faciem:
1118 2691 1469 2759 videndum,
1501 2691 1767 2766 inquam,
1800 2710 1877 2748 an
1920 2691 1970 2748 is
2010 2710 2181 2748 amor

370 2794 428 2850 vi
454 2793 713 2869 quadam
745 2793 933 2851 tacita
964 2811 1144 2870 vagas
1175 2792 1304 2868 ejus
1336 2792 1446 2849 viri
1478 2790 1879 2869 cogitationes
1910 2797 1974 2848 et
2005 2810 2178 2849 curas

370 2890 739 2950 continuerit
769 2896 954 2966 atque
983 2890 1415 2948 informaverit.
2061 2888 2065 2891 ’

459 2987 639 3059 Quod
678 2989 726 3046 si
763 2996 950 3046 tenue
991 2987 1143 3045 illud
1180 2987 1349 3045 filum
1390 3007 1690 3064 nequeam
1732 3005 1971 3064 prorsus
2010 2986 2179 3045 inda-

368 3108 531 3169 gare,
562 3088 921 3146 crediderim
961 3095 1168 3145 tamen
1213 3088 1443 3146 nemini
1476 3087 1821 3156 Poetarum,
1855 3087 2043 3144 immo
2074 3106 2179 3144 ne-

369 3189 518 3247 mini
551 3186 898 3246 mortalium
933 3187 1156 3255 deesse,
1185 3187 1348 3263 quod
1378 3186 1745 3244 fluctuantes
1776 3186 1928 3243 adeo
1961 3187 2179 3244 varias-

370 3308 489 3365 que
533 3286 953 3345 conversiones
998 3285 1338 3342 animorum
1383 3286 1446 3342 in
1490 3304 1683 3342 unum
1727 3285 2176 3361 quodammodo

371 3384 619 3463 colligat
659 3393 723 3442 et
764 3383 1154 3460 constringat.
1247 3382 1410 3441 Illud
1452 3384 1685 3442 interea
1722 3403 1830 3460 pro
1862 3390 2030 3442 certo
2071 3383 2177 3441 ha-

856 3613 879 3637 a
904 3607 992 3650 The
1017 3606 1209 3651 Cotter’s
1233 3606 1458 3663 Saturday
1483 3607 1637 3663 Niyht.
