2288 4036
368 98 477 152 426
730 95 898 152 Oresti
909 90 1243 169 periclitanti
1267 110 1385 166 quse
1408 90 1513 150 sint
1535 90 1761 150 solatia!
1853 110 2014 146 PRAEL.
2035 106 2167 144 xxa.-

729 238 926 295 λευσμός
947 255 1010 289 τε,
1033 235 1102 279 καὶ
1122 233 1337 293 μύζουσιν
1358 235 1589 294 οἰκτισμὸν
1607 236 1754 281 πόλυν

729 312 814 357 ὑπὸ
834 310 966 370 ῥάχιν
984 308 1210 368 παγέντες·
1245 307 1312 365 ἆρ’
1334 308 1513 355 ἀκούετε

730 384 823 432 οἵας
844 386 998 443 ἑορτῆς
1019 381 1112 429 ἐστ’
1135 383 1414 429 ἀπόπτυστοι
1435 384 1552 431 θεοῖς

729 457 964 519 στέργηθρ’
988 459 1195 518 ἕχουσαι;
1229 460 1315 504 πᾶς
1337 456 1374 502 δ’
1397 458 1631 518 ὑφηγεῖται
1652 458 1817 517 τρόπος

728 534 919 594 μορφῆς·
953 531 1137 577 λέοντος
1156 530 1315 591 ἄντρον
1335 533 1673 592 αἱματορρόφου

729 609 861 654 οἰκεῖν
882 600 1084 653 τοιαύτας
1106 606 1234 660 εἰκὸς,
1256 607 1309 651 οὗ
1328 607 1617 666 χρηστηρίοις

730 683 776 727 ἐν
796 682 950 727 τοῖσδε
970 676 1209 738 πλησίοισι
1230 680 1465 740 τρίβεσθαι
1485 673 1643 740 μῦσος.

727 754 901 816 χωρεῖτ’
925 755 1026 800 ἄνευ
1045 757 1247 814 βωτῆρος
1267 755 1595 813 αἷπολουμέναι·

727 831 913 889 ποίμνης
933 829 1136 888 τοιαύτης
1157 828 1193 875 δ’
1217 832 1335 876 οὔτις
1356 830 1543 889 εὐφιλὴς
1563 829 1689 876 θεῶν.

367 936 618 1015 Optime
659 935 758 993 hio
794 934 981 993 refert
1022 949 1233 992 eorum
1275 933 1592 992 hominum
1634 954 1858 1004 sensus,
1891 935 1995 1012 qui
2036 932 2172 992 nul-

364 1035 453 1095 la's
504 1054 583 1093 ne
632 1033 1047 1112 improborum
1094 1033 1341 1111 quidem
1395 1053 1602 1111 poenas
1649 1034 1807 1092 bene
1852 1033 2174 1093 convenire

366 1150 508 1195 cum
541 1135 744 1193 divina
773 1133 1101 1192 clementia
1131 1128 1518 1192 arbitrantur.

454 1231 578 1294 Sed
623 1242 687 1293 et
738 1233 856 1292 alia
894 1234 1176 1311 quaedam
1222 1234 1437 1312 sparsit
1478 1234 1576 1293 hie
1621 1233 1747 1294 illic
1794 1233 2002 1302 Poeta,
2042 1254 2174 1312 quae

368 1333 572 1393 Oresti
614 1335 965 1411 provocanti
995 1354 1218 1413 magno
1250 1342 1451 1393 essent
1482 1334 1715 1393 solati0.
1807 1334 2006 1413 Ipsius
2037 1333 2178 1412 Cly-

366 1441 734 1494 taemnestrae
765 1436 982 1494 umbra
1011 1436 1328 1494 confirmat
1363 1435 1546 1505 ultrO,
1579 1436 1745 1495 Deos
1775 1434 1996 1493 Manes
2033 1454 2173 1493 cum

368 1533 604 1606 Oreste,
636 1555 759 1593 non
791 1555 1015 1605 secum,
1048 1536 1274 1595 sentire
1293 1544 1353 1595 X:

1095 1653 1154 1700 ὧς
1173 1652 1254 1711 μὲν
1275 1653 1454 1698 ἔκτανον

729 1724 897 1772 ὄνειδος
918 1726 964 1772 ἐν
986 1726 1219 1786 φθιτοῖσιν
1240 1726 1318 1771 οὐκ
1339 1726 1604 1779 ἐκλείπεται,

730 1802 931 1860 αἷσχρῶς
952 1801 989 1847 δ’
1011 1802 1200 1861 ἀλῶμαι·
1233 1802 1490 1862 προύννέπω
1512 1801 1549 1846 δ’
1572 1802 1687 1860 ὑμῖν,
1710 1801 1778 1847 ὅτι

729 1876 819 1935 ἔχω
840 1876 1057 1936 μεγίστην
1077 1875 1221 1921 αἰτίαν
1243 1877 1394 1922 κείνων
1413 1871 1514 1922 ὕπο·

729 1949 939 1996 παθοῦσα
960 1950 997 1996 δ’
1022 1945 1136 1997 οὕτω
1158 1952 1277 1996 δεινὰ
1296 1953 1409 2011 πρὸς
1430 1956 1518 1996 τῶν
1535 1951 1779 2010 φιλτάτων,

730 2026 874 2073 οὕδεις
895 2026 1005 2086 ὑπέρ
1026 2045 1111 2085 μου
1133 2026 1350 2084 δαιμόνων
1370 2026 1581 2085 μηνίεται,

730 2101 1099 2161 κατασφαγείσης
1119 2101 1231 2160 πρὸς
1251 2107 1396 2161 χερῶν
1417 2102 1738 2161 μητροκτόνων.

367 2207 505 2278 Quo
551 2225 828 2266 sermone
874 2208 1062 2266 tacite
1103 2208 1346 2278 fatetur,
1390 2208 1575 2286 digna
1614 2217 1678 2267 et
1724 2226 1895 2286 aequa‘
1938 2228 2003 2268 se
2043 2229 2173 2268 esse

367 2327 620 2385 passam.

451 2407 693 2465 Deinde
730 2406 881 2465 illud
921 2408 1362 2486 gravissimum,
1394 2408 1556 2484 quod
1586 2407 1686 2467 hie
1716 2427 1972 2486 quoque,
2005 2407 2176 2468 velut

365 2506 427 2564 in
482 2506 872 2584 Cho'e'phoriS,
928 2507 1176 2567 Patrem
1237 2508 1495 2566 tacitum
1555 2509 1764 2567 adesse
1823 2509 1934 2567 sibi
1988 2509 2176 2567 sentit

368 2607 577 2676 Filius,
628 2608 715 2666 ita
760 2607 1047 2667 videlieet
1093 2616 1164 2667 ut
1216 2608 1418 2666 animo
1466 2627 1591 2666 non
1635 2607 1825 2667 oeulis
1874 2615 2171 2666 cerna-tur.

367 2704 504 2764 Hae
536 2707 802 2765 maxime
832 2709 1067 2766 ratione
1113 2728 1233 2786 prae
1278 2727 1342 2766 se
1382 2707 1502 2766 fert
1538 2708 1810 2767 animum
1842 2707 1938 2766 vel
1969 2726 2172 2766 eoram

354 2805 664 2881 judicibus
693 2806 1234 2883 imperterritumy:

728 2923 918 2969 πέποιθ’·
948 2924 1123 2984 ἀρωγὰς
1144 2923 1181 2969 δ’
1206 2925 1253 2970 ἐκ
1274 2925 1421 2984 τάφου
1441 2926 1603 2981 πέμπει
1624 2924 1795 2984 Πατήρ.

453 3018 667 3078 Potuit
697 3028 760 3080 et
791 3022 943 3081 illud
975 3023 1117 3082 boni
1150 3023 1368 3083 ominis
1399 3024 1533 3083 loeo
1564 3024 1791 3092 haberi,
1823 3023 1983 3100 quod
2015 3018 2172 3080 mul-

367 3127 459 3177 tas
491 3121 622 3197 jam
667 3127 812 3180 ante
856 3124 1248 3201 purgationes
1293 3130 1638 3182 tentaverat
1683 3121 1950 3191 OresteS,
1988 3138 2169 3198 quam

366 3222 443 3279 ad
474 3221 632 3281 fores
664 3221 961 3282 Minervae
992 3224 1281 3283 accedere
1314 3231 1406 3283 est
1436 3233 1674 3293 ausus²;

728 3340 871 3399 βρίζει
892 3342 978 3401 γὰρ
1000 3339 1106 3400 αἷμα
1128 3342 1198 3386 καὶ
1218 3339 1473 3402 μαραίνεται
1493 3344 1640 3401 χερός.

729 3418 1028 3475 μητροκτόνον
1048 3416 1222 3476 μίασμα
1245 3415 1281 3461 δ’
1305 3418 1524 3462 ἔκπλυτον
1544 3415 1687 3461 πέλει·

490 3567 515 3591 x
547 3560 679 3605 Eum.
703 3560 777 3620 96.
1062 3570 1105 3602 'y
1139 3563 1255 3609 Ibid.
1279 3562 1386 3609 601.
1808 3562 1922 3607 lbid.
1948 3563 2051 3607 280.
2079 3598 2081 3600 .
