2288 4036
253 167 363 219 532
470 165 708 222 Thebama
735 166 884 239 apud
897 165 1204 220 Pindarwn
1217 167 1429 238 primas
1453 175 1650 222 tenere:
1716 187 2046 223 PRAEI..XXV1.

343 311 494 372 Haec
517 315 604 373 ita
626 316 844 374 videtis
867 315 1184 384 enuntiari,
1207 323 1494 393 tanquam
1519 315 1779 374 Pindaro
1801 337 2044 394 persua-

255 431 388 470 sum
420 414 498 472 sit
529 414 892 472 domesticos
923 420 986 472 et
1016 414 1341 474 familiares
1371 416 1661 493 cujusque
1691 416 1888 474 fontes
1918 416 2047 474 fore

254 513 488 590 cuique,
521 520 592 571 ut
629 515 717 572 ita
748 514 964 583 dicam,
996 513 1195 572 fontes
1222 514 1520 585 Poeseos;
1566 535 1698 592 quae
1728 516 2046 584 sententia,

255 619 325 670 ut
369 612 517 669 mihi
556 612 802 689 quidem
844 611 1103 681 videtur,
1132 613 1357 672 multas
1402 615 1466 671 in
1511 633 1575 672 se
1618 621 1820 692 partes
1864 622 2048 691 atque

254 731 537 769 numeros
582 711 854 769 veritatis
899 711 1132 770 habet..
1195 712 1377 782 Quid,
1418 714 1598 782 enim,
1636 733 1856 790 quaeSO,
1894 713 2048 770 veri-

254 810 527 879 similius,
572 830 754 887 quam
808 811 1115 869 informari
1168 813 1372 871 nescio
1418 833 1537 890 quo
1587 819 1767 890 pacto
1819 814 2051 871 animos

252 928 577 986 puerorum
625 910 721 968 vel
767 910 913 969 locis
963 911 1122 988 ipsiS,
1167 912 1498 983 montibus,
1543 912 1783 982 fluviis:
1803 911 2051 970 litorum

253 1008 624 1086 valliumque
655 1010 1041 1077 anfractibus,
1066 1012 1170 1088 qui
1199 1011 1376 1088 primi
1404 1032 1643 1089 cunque
1672 1012 2051 1070 nascentium

253 1106 443 1165 oculis
475 1109 879 1178 occurrerint3
929 1116 998 1166 ut
1029 1109 1105 1167 ad
1135 1108 1241 1167 illa
1272 1116 1562 1187 tanquam
1603 1110 1803 1186 capita
1844 1109 2053 1167 referri

251 1207 440 1285 possit
480 1208 953 1266 instrumentum
985 1210 1277 1287 cujusque
1322 1208 1673 1286 poeticum?
1739 1207 2052 1278 Pindarus»,

251 1307 452 1378 credO,
505 1317 710 1366 noster
762 1308 884 1367 tale
937 1308 1165 1385 aliquid
1221 1308 1318 1367 vel
1379 1309 1671 1386 cogitavit
1729 1307 1827 1366 vel
1887 1317 2052 1366 certe

251 1407 454 1475 sensit,
487 1426 628 1465 eum
674 1427 738 1466 se
778 1408 1039 1485 relinqui
1083 1416 1328 1485 putaret
1372 1428 1408 1466 a
1451 1407 1588 1466 luce
1620 1406 1957 1475 Musarum,
1989 1406 2053 1463 ni

251 1507 415 1563 omni
449 1514 724 1583 tempore
757 1506 976 1566 Dircaei
1008 1507 1194 1566 fontis
1224 1508 1589 1565 meminerit.

336 1604 478 1664 Jam
525 1606 587 1663 in
626 1607 982 1665 caerimoniis
1019 1608 1206 1665 etiam
1246 1614 1310 1665 et
1347 1607 1409 1664 in
1447 1606 1853 1684 religionibUS,
1885 1623 2056 1663 occa-

250 1706 417 1764 sione
449 1705 671 1775 oblata,
704 1706 959 1784 patriam
1000 1706 1400 1765 libentissime
1431 1707 1796 1765 recordatur.
1887 1703 2058 1763 Deli-

247 1805 340 1883 git
383 1806 596 1882 utique
642 1807 718 1864 de
762 1807 927 1863 omni
971 1805 1245 1864 Deorum
1290 1826 1544 1864 numero
1589 1806 1885 1884 Magnam
1917 1803 2058 1863 Ma-

250 1912 425 1973 trem,
475 1905 572 1963 cui
632 1925 753 1983 prae
812 1907 1050 1964 caeteris
1109 1905 1448 1963 Hieronem
1509 1913 1799 1983 aegrotum
1861 1902 2058 1961 multa

250 2024 428 2082 prece
487 2005 915 2063 commendet:
987 2024 1110 2062 non
1162 2004 1344 2062 aliam
1399 2004 1612 2081 opinor
1663 2003 1742 2060 ob
1795 2019 2056 2070 causam,

250 2124 432 2182 quam
478 2105 640 2181 quod
690 2123 826 2163 suas
871 2114 1014 2162 ante
1060 2105 1217 2162 fores
1270 2104 1544 2163 votivum
1592 2103 1721 2180 ejus
1768 2101 2057 2161 Numinis

251 2203 542 2263 sacellum
574 2204 826 2262 extabat
846 2200 892 2261 b.

494 2326 596 2373 ἀλλ’
620 2326 891 2384 ἐπεύξασθαι
911 2328 993 2386 μὲν
1014 2329 1127 2389 ἐγὼν
1148 2328 1290 2373 ἐθέλω

492 2403 655 2462 Ματρὶ,
688 2403 768 2448 τὰν
803 2406 956 2461 κοῦραι
995 2402 1098 2462 παρ’
1135 2402 1241 2461 ἐμὸν
1276 2401 1502 2461 πρόθυρον
1537 2402 1623 2448 σὺν
1659 2401 1774 2448 Πανὶ
1814 2399 2058 2459 μέλπονται

553 2478 671 2536 θαμὰ

493 2554 660 2612 σεμνὰν
681 2552 783 2599 θεὸν
804 2552 1012 2613 ἐννυχίαι.

250 2666 663 2739 Quaerendum
709 2666 913 2735 etiam,
952 2685 1030 2724 an
1066 2663 1308 2744 Pythici
1339 2661 1646 2742 Apollinis
1691 2680 1859 2721 sacra
1902 2660 2062 2721 cele-

250 2768 421 2825 brare
454 2766 733 2824 videatur
777 2765 971 2842 magis
1016 2763 1329 2841 aliquanto
1361 2782 1439 2821 ex
1470 2763 1656 2820 animi
1694 2761 1785 2820 sui
1816 2767 2058 2820 senten-

249 2869 350 2937 tia,
404 2886 588 2944 quam
636 2871 1010 2934 caeterorum,
1066 2883 1325 2941 quorum
1375 2862 1440 2920 in
1489 2861 1719 2920 honore
1771 2860 2059 2939 praeclara

249 2968 581 3028 certamina
629 2965 934 3044 vigebant.
1027 2963 1363 3022 Neminem
1411 2963 1666 3040 excipi0‚
1711 2981 1790 3020 ne
1834 2961 1875 3020 J
1879 2981 2057 3020 ovem

248 3067 494 3145 quidem
533 3065 943 3144 Olympicum.
1035 3059 1339 3141 Exemplo
1385 3063 1505 3121 sint
1549 3060 1885 3140 gravissimi
1927 3079 2059 3118 ver-

249 3187 363 3236 suS,
394 3166 616 3243 quibus
653 3164 911 3223 AEacidis
952 3171 1136 3240 atque
1177 3163 1413 3241 AEginae
1456 3160 1814 3240 gratulatur,
1847 3159 1914 3218 N
1917 3179 2058 3237 eop-

249 3265 547 3324 tolemum
580 3263 887 3342 sepultum
920 3282 1051 3321 esse
1084 3261 1342 3340 Delphis
1373 3262 1503 3339 ipso
1534 3261 1598 3318 in
1627 3261 1862 3338 adytoc.

463 3388 584 3433 ἀλλὰ
606 3388 749 3432 κοινὸν
769 3382 856 3445 γὰρ
879 3384 1055 3445 ἔρχεται

463 3461 558 3521 κῦμ’
579 3458 720 3514 “Αΐδα,
738 3459 852 3507 πέσε
875 3459 911 3505 δ’
929 3459 1143 3517 ἀδόκητον
1165 3459 1212 3504 ἐν
1233 3459 1304 3504 καὶ
1324 3459 1546 3505 δοκέοντα·
1574 3458 1678 3517 τιμὰ
1699 3457 1747 3503 δὲ
1767 3457 1965 3518 γίγνεται

434 3628 455 3656 b
476 3630 611 3688 Pyth.
635 3643 678 3687 3.
709 3638 808 3688 137.
1534 3631 1555 3653 ⁰
1578 3624 1704 3667 Nem.
1731 3633 1773 3681 7.
1798 3636 1872 3680 43.
