2288 4036
323 221 435 276 564
487 222 703 294 Neyliyi
729 242 764 276 a
792 221 1030 295 Sophocle
1058 224 1277 276 minores
1286 221 1499 293 fabuloe
1514 229 1714 293 partes,
1753 241 2133 275 PRAEL.XXV111‚

325 365 661 434 hominum,
696 367 917 444 partim
950 365 1012 422 in
1045 366 1210 423 omni
1252 366 1365 424 hac
1397 366 1550 435 caeli,
1581 373 1776 435 terrae,
1808 374 2137 444 tempesta-

325 473 461 523 tum
494 466 669 523 facie.

411 565 576 634 Quid
609 564 794 642 ergo?
834 565 998 622 dicat
1029 563 1279 640 aliquis:
1320 565 1468 622 num
1500 566 1564 622 in
1594 565 1912 624 affectibus
1943 565 2138 622 homi-

322 682 470 719 num
505 681 714 738 parum
750 663 1019 738 potuisse
1039 661 1405 738 Sophoclem
1429 664 1818 741 judicamus?
1879 662 2136 721 Nihilne

324 762 434 818 tibi
486 762 728 818 videtur
787 762 850 817 in
903 780 975 818 ea
1031 762 1340 837 provincia
1389 764 1602 840 egisse,
1655 763 1758 839 qui
1808 762 2134 828 Electram,

326 860 728 937 Antigonem,
765 859 1197 928 Philoctetem,
1231 859 1588 930 Herculem,
1621 861 1722 938 qui
1769 868 1987 938 praeter
2027 880 2138 918 cae-

324 965 487 1016 teros
540 958 844 1035 OEdipoda
903 959 1136 1018 miserit
1196 960 1258 1016 in
1321 961 1605 1019 scenam?
1667 961 1769 1037 qui
1829 961 1891 1018 in
1944 959 2137 1037 Ajace

322 1054 676 1113 bellicosam
713 1053 883 1114 illam
927 1061 991 1112 et
1032 1054 1395 1113 indomitam
1441 1056 1843 1134 arrogantiam
1878 1054 2137 1112 feliciter

322 1155 474 1212 adeo
507 1154 957 1230 temperaverit,
991 1152 1242 1211 insaniae
1276 1155 1646 1213 conscientia
1690 1154 1961 1212 nondum
1993 1135 2136 1211 satis

323 1273 595 1312 excussae
614 1261 656 1310 ὃ.

688 1373 796 1430 ὁρᾷς
817 1372 894 1416 τὸν
916 1371 1102 1430 θράσυν,
1125 1372 1203 1417 τὸν
1226 1372 1468 1430 εὖκαρδίον,

688 1446 766 1491 τὸν
787 1445 834 1491 ἐν
857 1442 995 1492 δαΐοις
1017 1445 1236 1504 ἄτρεστον
1256 1446 1435 1504 μάχαις,

688 1520 734 1565 ἐν
755 1520 950 1580 ἀφόβοις
970 1539 1026 1578 με
1048 1520 1184 1579 θηρσὶ
1207 1520 1348 1565 δεινὸν
1368 1519 1533 1579 χέρας;

687 1594 720 1639 ὤ
742 1614 817 1653 μοι
838 1598 1051 1654 γελῶτος·
1087 1593 1181 1639 οἷον
1202 1593 1424 1653 ὑβρίσθην
1444 1594 1544 1654 ἄρα.

410 1708 543 1786 Ego
582 1727 732 1765 'vero
780 1708 1201 1766 lubentissime
1247 1708 1624 1775 crediderim,
1670 1725 1784 1764 usu
1830 1705 2132 1783 plerisque

322 1807 543 1884 saepius
588 1807 844 1876 venisse,
889 1813 959 1864 ut
1005 1807 1136 1865 istis
1184 1826 1306 1864 non
1355 1806 1726 1863 mediocrem
1771 1806 1836 1862 in
1879 1806 2131 1862 modum

322 1914 894 1964 commoverentur:
967 1907 1112 1983 quid
1184 1906 1345 1963 enim
1412 1904 1595 1963 altius
1659 1911 1976 1982 penetrare
2040 1923 2134 1962 so-

321 2006 410 2064 let
461 2008 715 2077 animOS,
764 2027 947 2083 quam
1006 2007 1199 2064 invita
1250 2006 1423 2064 fortis
1476 2013 1539 2064 et
1594 2005 1966 2083 magnanimi
2020 2004 2131 2060 viri

320 2103 738 2181 comploratio,
790 2104 892 2161 vix
946 2105 1196 2162 tandem
1249 2104 1703 2162 succumbentis
1754 2103 1933 2179 hujus
1985 2103 2131 2161 vitae

321 2203 699 2262 conditioni?
792 2201 947 2261 Haec
1007 2210 1213 2261 tamen
1275 2203 1490 2272 habe0,
1544 2223 1652 2260 cur
1705 2201 1999 2269 dubitem,
2053 2221 2130 2259 an

319 2310 490 2360 totus
530 2303 715 2361 fuerit
747 2302 1080 2380 Sophocles
1120 2303 1182 2360 in
1216 2322 1288 2361 ea
1319 2303 1488 2380 quasi
1525 2302 1778 2379 pictura,
1812 2321 1931 2378 quo
1962 2320 2130 2358 more

321 2403 520 2461 solent
571 2403 633 2473 ii,
681 2403 784 2479 qui
841 2401 1053 2460 Poetae
1108 2422 1232 2460 non
1285 2421 1416 2460 esse
1468 2407 1802 2478 nequeunt.
1904 2400 2129 2469 Primo,

319 2496 482 2579 quod
527 2503 722 2560 omnis
762 2503 890 2579 ejus
934 2522 1117 2580 opera
1159 2503 1408 2579 ponitur
1448 2502 1510 2559 in
1548 2501 1726 2558 unius
1759 2498 1966 2577 Ajacis
1995 2520 2131 2577 per-

319 2621 483 2671 sona,
509 2602 803 2680 neglectis
834 2603 1025 2661 ferme
1055 2602 1145 2670 iis,
1176 2622 1308 2678 quae
1339 2601 1642 2659 minorum
1675 2606 1968 2658 vocantur
1996 2619 2130 2676 par-

318 2701 494 2759 tium.
590 2701 813 2778 Neque
846 2702 1009 2759 enim
1041 2703 1103 2759 in
1134 2702 1471 2769 Tecmessa‚
1500 2699 1662 2776 quod
1695 2701 1898 2768 sciam,
1929 2718 2128 2776 neque

316 2801 379 2857 in
427 2798 681 2868 Atridis,
737 2819 935 2876 neque
988 2800 1052 2857 in
1104 2799 1234 2876 ipso
1284 2797 1507 2875 Ulysse
1561 2795 1903 2874 Sophocleo
1956 2797 2129 2873 quid-

318 2917 500 2974 quam
531 2905 743 2956 extare
774 2906 958 2974 atque
991 2898 1259 2955 eminere
1291 2895 1572 2966 dixerim,
1604 2914 1725 2971 quo
1757 2895 1925 2970 quasi
1955 2893 2128 2972 signo

315 2992 630 3069 'separetur
669 2993 1082 3070 unusquisque
1128 3013 1164 3051 a
1208 2991 1517 3050 communi
1565 3008 1751 3068 grege
1791 2988 2126 3047 hominum.

319 3092 391 3149 Id
439 3091 621 3148 modo
668 3091 1017 3167 loquuntur,
1054 3091 1116 3148 id
1162 3099 1352 3169 agunt
1398 3088 1635 3167 singuli,
1680 3089 1842 3165 quod
1887 3095 1994 3146 aut
2038 3087 2129 3144 in-

319 3191 541 3249 serviat
577 3190 812 3258 fabulae,
845 3197 952 3248 aut
992 3190 1067 3248 ad
1110 3196 1539 3268 argumentum
1581 3187 1826 3263 aliquod
1871 3187 1948 3244 de
1989 3187 2128 3245 sub-

318 3290 618 3348 tilioribus
656 3290 961 3366 pertinere
993 3290 1286 3357 videatur,
1320 3287 1521 3364 qualia
1564 3285 1762 3344 multa
1806 3285 1991 3343 habet
2036 3305 2126 3343 re-

319 3389 554 3447 centior
576 3386 930 3446 Atticorum
957 3387 1187 3446 Scena:
1237 3387 1312 3444 de
1344 3406 1408 3445 se
1439 3386 1698 3461 suisque,
1723 3384 1918 3442 altum
1949 3383 2128 3442 silen-

319 3488 492 3545 tium.
585 3486 765 3556 Quod
804 3493 1031 3554 contra,
1063 3487 1223 3562 apud
1258 3485 1672 3562 Shaksperum
1709 3490 2001 3551 nostrum,
2033 3481 2124 3539 uti

856 3659 879 3682 a
902 3650 1044 3709 Soph.
1067 3651 1142 3708 Aj.
1166 3652 1271 3710 363.
1296 3650 1384 3695 Ed.
1411 3650 1594 3708 Musgr.
