2288 4036
292 282 446 315 PRAEL.
469 279 653 313 xxxm.
718 258 996 326 ἀνάμνησιν
1017 258 1342 310 Platonicam
1357 274 1478 326 prce
1502 273 1555 308 se
1565 255 1731 323 ferre.
1938 255 2043 310 789

290 407 415 464 fieri
445 405 700 473 initium,
732 424 867 461 cum
898 404 956 459 in
988 403 1100 460 hoc
1130 402 1351 459 mundo
1382 401 1706 458 nascimur:
1753 400 1935 455 immo
1966 417 2043 456 ex

291 505 493 579 ignota
528 501 779 576 quadam
826 501 1064 577 regione
1109 500 1306 555 venire
1350 517 1448 555 eas
1498 498 1560 553 in
1608 515 1712 553 sua
1748 514 2042 571 quamque

294 616 567 673 corpora3
633 615 825 671 neque
877 603 1001 653 tam
1056 595 1290 670 penitus
1342 592 1589 650 Lethaeo
1639 597 1784 667 potu
1837 589 2041 655 imbui,

293 695 435 769 quin
471 701 775 769 permanet
805 694 968 767 quasi
999 692 1239 767 quidam
1283 698 1568 748 anteactae
1611 688 1799 746 aetatis
1839 705 2040 761 sapor3

292 788 450 845 hunc
489 795 690 844 autem
729 787 974 844 excitari
1019 787 1360 854 identidem,
1394 793 1456 843 et
1485 786 1682 842 nescio
1715 803 1831 859 quo
1871 801 2046 839 sensu

292 885 528 960 percipi,
572 885 754 941 tacito
799 884 1039 959 quidem
1090 883 1193 940 illo
1240 889 1300 940 et
1352 883 1617 949 obscum,
1670 880 1772 938 sed
1823 879 2044 955 percipi

293 987 510 1037 tamen.
605 979 810 1053 Atque
869 978 977 1035 hac
1029 978 1214 1035 ferme
1266 978 1561 1036 sententia
1611 983 1779 1034 extat
1831 976 2046 1033 summi

292 1075 402 1132 hac
446 1076 730 1132 memoria
775 1074 980 1132 Poetae
1031 1074 1460 1131 nobilissimum
1508 1090 1780 1130 carmen:
1832 1091 2047 1147 nempe

292 1191 410 1228 non
448 1172 623 1228 aliam
661 1172 736 1228 ob
782 1191 1016 1228 causam
1058 1172 1221 1249 tangi
1266 1171 1537 1246 pueritiae
1579 1171 2047 1228 recordationem

293 1269 586 1344 exquisita
624 1268 725 1325 illa
767 1288 834 1324 ac
878 1276 1196 1344 pervagata
1231 1267 1559 1335 dulcedine,
1592 1287 1770 1343 quam
1809 1275 2050 1343 propter

293 1364 548 1422 debilem
582 1365 876 1440 quendam
914 1365 1118 1440 prioris
1162 1365 1290 1432 aevi,
1324 1364 1556 1439 Deique
1600 1365 1885 1440 propioris
1922 1384 2050 1422 sen-

294 1481 423 1519 sum
444 1471 504 1517 ω.
1904 1448 1909 1455 ’

384 1558 669 1626 Quamvis
729 1566 930 1615 autem
989 1558 1140 1615 hanc
1200 1559 1535 1634 opinionem
1602 1561 1699 1615 vix
1759 1559 1909 1616 ferat
1968 1559 2053 1616 di-

296 1656 443 1712 vinae
496 1654 885 1731 philosophiae
936 1657 1104 1723 ratiO,
1150 1656 1407 1713 fatemur
1457 1663 1652 1713 tamen
1710 1675 1841 1713 eam
1894 1664 2053 1714 eate-

294 1771 403 1808 nus
460 1752 533 1808 ad
587 1771 788 1809 verum
851 1753 1146 1820 accedere,
1198 1772 1314 1827 qua
1370 1759 1640 1810 sanctum
1699 1752 1936 1828 aliquod
1988 1760 2050 1809 et

292 1868 470 1925 grave
494 1849 702 1906 tribuit
732 1850 1029 1905 memoriae
1057 1856 1118 1906 et
1141 1849 1372 1906 caritati
1403 1849 1717 1924 puerilium
1743 1869 2048 1907 annorum.

296 1943 549 2002 Nosmet
580 1952 740 2002 certe
770 1946 1026 2002 infantes
1055 1947 1327 2003 novimus
1359 1965 1534 2021 quam
1571 1965 1754 2022 prope
1785 1947 2050 2023 tetigerit

296 2041 513 2099 Divina
541 2043 872 2119 benignitas
896 2062 908 2099 :
947 2044 1076 2117 quis
1106 2062 1277 2118 porro
1309 2043 1436 2112 scit,
1460 2062 1534 2101 an
1559 2044 1748 2100 omnis
1778 2043 1879 2100 illa
1901 2050 2052 2101 tem-

293 2140 448 2214 poris
491 2140 749 2196 anteacti
795 2138 1045 2196 dulcedo
1089 2139 1304 2197 habeat
1335 2141 1630 2216 quandam
1675 2139 2052 2216 significatio-

293 2255 430 2293 nem
463 2235 631 2293 Illius
663 2236 1047 2294 Praesentiae?
1101 2236 1333 2295 Verum
1379 2237 1511 2295 haec
1555 2236 1738 2294 semel
1784 2238 2050 2314 tetigisse

294 2333 576 2402 sufficiat3
618 2333 801 2391 fusius
831 2335 1155 2409 praesertim
1188 2335 1262 2391 ab
1285 2334 1388 2391 illo
1410 2333 1709 2409 Scriptore
1736 2334 2049 2410 explicata,

295 2428 395 2503 qui
441 2429 797 2485 sententiam
839 2447 970 2484 eam
1018 2428 1258 2503 primus,
1305 2428 1460 2503 quod
1506 2429 1703 2495 sciam,
1748 2429 1808 2484 in
1854 2427 2048 2485 lucem

295 2526 480 2582 edidit
500 2533 545 2581 ¹¹.
634 2525 840 2581 Liceat
890 2530 1124 2580 tantum
1176 2543 1363 2599 pauca
1407 2513 1497 2580 de*
1524 2523 1729 2580 multis
1772 2524 2046 2600 proferre,

293 2623 353 2678 in
387 2621 665 2677 Latinum
698 2639 1028 2677 sermonem
1059 2639 1412 2695 quocunque
1441 2619 1619 2676 modo
1651 2639 1817 2678 versa
1838 2628 1880 2678 ⁰.

378 2726 410 2749 “
431 2717 776 2786 Quoniam,'’
796 2718 1006 2792 inquit,
1039 2724 1070 2748 ‘⁶
1089 2718 1291 2774 aderat
1313 2716 1502 2783 DEUs,
1525 2718 1692 2774 nobis
1723 2717 1874 2773 bene
1904 2724 2045 2785 erat,

294 2814 691 2872 nescientibus
723 2821 922 2870 tamen
952 2814 1122 2888 ipsis·
1149 2857 1159 2868 .
1183 2858 1194 2870 .
1218 2812 1577 2889 Accepimus
1607 2814 1826 2890 ignari:
1869 2813 2045 2890 longo

293 2911 505 2967 deinde
549 2917 683 2986 post
728 2918 1011 2985 tempore,
1045 2910 1206 2966 venit
1246 2911 1306 2966 in
1351 2917 1617 2967 mentem
1659 2911 1822 2985 quasi
1863 2930 2049 2986 augu-

290 3008 443 3063 rium
476 3007 549 3063 de
587 3014 716 3063 tota
749 3007 874 3081 ejus
921 3006 1004 3062 rei
1046 3006 1290 3063 ratione.
1383 3007 1540 3063 Hinc
1579 3006 1731 3088 'mira
1777 3006 1879 3063 illa
1918 3007 2046 3063 dul-

291 3104 470 3161 cedo:
519 3104 656 3160 hinc
696 3123 815 3159 non
854 3103 979 3159 sine
1018 3109 1223 3160 tenero
1254 3105 1508 3178 quodam
1540 3102 1764 3173 lumine
1794 3105 2045 3161 redeunt

291 3201 349 3256 in
396 3200 740 3257 memoriam
781 3201 1067 3275 praeteriti
1099 3200 1259 3257 dies:
1305 3201 1489 3257 immo
1519 3200 1731 3277 vulgus
1760 3209 1821 3258 et
1852 3201 2043 3266 turba,

290 3303 359 3352 ut
403 3296 486 3352 ita
531 3297 738 3364 dicam,
770 3295 1068 3353 inutilium
1114 3315 1417 3364 annorum,
1449 3317 1694 3373 quaeque
1725 3298 1858 3354 vitae
1894 3304 2045 3354 tem-

293 3411 433 3467 pora
462 3393 673 3450 inertia
710 3393 882 3469 plane
913 3400 1079 3450 erant
1110 3393 1249 3461 visa,
1281 3394 1487 3451 eadem
1519 3394 1648 3467 jam
1679 3395 1876 3468 quiete
1920 3394 2045 3467 ipsa

349 3544 377 3562 ¹¹¹
399 3537 724 3589 Wordsworth‚
751 3539 917 3589 Works,
939 3539 996 3583 iv.
1022 3548 1122 3596 275.
1145 3537 1213 3581 ed.
1244 3539 1368 3583 1820.
1605 3546 1625 3565 ¹¹
1646 3540 1877 3592 Newman,
1902 3540 2042 3583 Paro-

293 3610 409 3653 ckial
432 3610 646 3662 Sermons,
668 3610 726 3654 iv.
755 3621 821 3667 17.
1091 3617 1113 3640 o
1135 3610 1246 3653 Ibid.
1271 3625 1315 3667 p.
1340 3612 1439 3670 298.
