2288 4036
125 278 277 314 PRAEL.
298 276 443 311 xxx1.
493 257 559 309 N
553 275 614 310 on
625 255 842 326 frustra
867 256 1050 309 omisso
1089 255 1435 326 Viryilianam
1460 255 1663 308 Poesin.
1762 255 1869 309 633

207 402 323 460 Sed
363 401 491 459 haec
534 400 836 457 hactenus.
924 398 1081 456 Illud
1115 399 1242 474 jam
1287 405 1528 455 cautum
1566 397 1761 467 velim,
1791 419 1868 456 ne

126 500 218 558 cui
257 499 407 554 forte
451 498 647 553 veniat
694 497 754 552 in
800 504 1080 563 mentem,
1126 495 1314 552 efferri
1361 514 1395 551 a
1437 494 1622 560 nobis,
1668 513 1867 550 amore

125 596 394 672 quodam,
452 593 608 650 ultra
665 612 840 668 quam
899 612 1003 667 par
1060 599 1150 649 est
1210 590 1554 668 Virgilianae
1615 590 1869 648 Poeseos

127 694 262 759 vim,
292 691 507 766 quippe
540 691 640 764 qui
678 690 937 746 muneris
977 689 1195 765 egregii
1237 687 1366 745 loco
1411 688 1574 745 fessis
1618 688 1869 744 homun-

126 788 269 847 culis
299 788 495 844 datam
531 804 930 862 agnoscamus.
1018 786 1194 854 Quod
1224 792 1429 842 contra
1458 793 1724 842 occurret
1755 785 1870 842 for-

125 893 276 942 tasse
318 901 628 949 nonne1n0,
669 901 787 939 non
831 883 956 939 sine
995 882 1247 957 quadam
1284 882 1406 939 veri
1445 882 1866 940 similitudine:

126 988 158 1011 ‘⁶
178 979 354 1035 Esto:
399 977 788 1033 concedamus
833 984 1125 1052 agrestem
1168 976 1319 1034 hanc
1366 976 1606 1034 Musam
1651 978 1870 1034 eximie

125 1093 249 1132 esse
299 1079 696 1148 comparatam
748 1074 821 1129 ad
869 1072 1182 1130 solatium:
1233 1081 1296 1130 at
1343 1074 1624 1130 divinitus
1668 1082 1868 1131 tamen

124 1171 439 1236 inductam,
472 1170 601 1243 quis
645 1169 998 1226 crediderit?
1050 1188 1186 1225 cum
1227 1171 1552 1245 praesertim
1597 1169 1700 1227 illo
1742 1171 1870 1247 ipso

124 1276 388 1342 tempore
422 1272 725 1341 pararetur
753 1285 890 1322 vera
920 1285 988 1322 ac
1018 1267 1289 1341 perennis
1324 1268 1650 1323 animarum
1682 1268 1870 1324 medi-

125 1366 288 1431 cina3
336 1382 450 1437 qua
495 1361 678 1419 semel
725 1362 1004 1430 adhibita,
1052 1371 1413 1420 cessaturum
1460 1371 1586 1420 erat
1631 1365 1871 1422 omnino

124 1459 540 1535 temporarium
569 1457 716 1515 illud
747 1478 815 1515 ac
845 1458 977 1515 leve
1008 1459 1252 1516 remedii
1281 1479 1484 1536 genus.
1573 1459 1870 1529 Quorsum

125 1554 332 1623 enim,”
354 1554 640 1629 inquient,
665 1563 696 1586 ‘⁶
718 1554 984 1612 Maronis
1008 1555 1320 1623 cantilena,
1345 1575 1481 1613 cum
1513 1564 1722 1632 praesto
1753 1557 1872 1615 sint

126 1652 299 1708 verba
349 1659 410 1708 et
459 1670 632 1708 voces
684 1652 757 1708 de
815 1653 939 1727 ipso
993 1651 1274 1709 Numinis
1332 1654 1510 1729 adyto
1562 1654 1871 1711 demissae?

126 1747 416 1817 Quorsum
450 1755 481 1779 ‘⁶
499 1768 649 1816 rura,
686 1750 955 1825 riguique
998 1749 1059 1805 in
1104 1749 1354 1808 vallibus
1397 1752 1649 1817 amnes,”
1679 1750 1873 1807 flumi-

124 1863 381 1920 numque
405 1853 466 1901 et
494 1845 786 1921 sylvarum
815 1853 1026 1903 moesta
1054 1845 1156 1902 illa
1186 1846 1453 1914 dulcedo,
1481 1854 1723 1922 patente
1742 1849 1870 1923 jam

126 1943 218 1999 via
255 1961 370 2016 qua
413 1942 648 1998 ducitur
689 1943 762 2013 ad
807 1943 1120 1999 aetheream
1167 1943 1327 2000 illam
1368 1945 1647 2018 requiem,
1692 1953 1872 2019 atque

124 2039 196 2096 ad
226 2057 428 2095 eorum
459 2040 641 2106 sedes,
672 2040 771 2114 qui
791 2039 927 2114 jure
957 2041 1203 2097 vocandi
1234 2047 1371 2098 sunt
1401 2040 1606 2099 beati?
1693 2042 1872 2110 Quid,

73 2140 75 2142 ’
125 2136 277 2210 quod
328 2143 502 2192 antea
552 2155 657 2193 nos
711 2136 821 2211 ipsi
868 2137 1286 2211 judicavimuS,
1339 2138 1473 2194 ideo
1526 2139 1871 2213 primaevam

124 2251 443 2308 puramque
475 2232 799 2290 Ecclesiam
832 2234 1084 2290 caruisse
1122 2252 1239 2289 non
1270 2233 1518 2290 invitam
1552 2233 1870 2292 Poetarum

125 2337 265 2396 arte,
294 2331 613 2404 praesertim
644 2331 984 2406 agrestium,
1014 2331 1291 2405 quoniam
1323 2330 1547 2388 scilicet
1586 2333 1647 2388 in
1682 2333 1872 2407 majus

124 2425 447 2500 meliusque
490 2427 636 2482 adeo
680 2433 924 2482 mutatae
968 2433 1135 2483 erant
1179 2446 1286 2493 reS,
1323 2434 1391 2483 ut
1434 2427 1567 2484 leve
1608 2448 1677 2486 ac
1721 2429 1874 2487 ludi-

123 2541 285 2578 crum
316 2523 613 2579 videretur
641 2522 925 2596 ejusmodi
954 2522 1231 2579 solatium
1248 2522 1305 2580 2”

209 2617 437 2677 Verum
477 2620 775 2676 enimvero
805 2620 934 2693 quis
963 2638 1224 2694 unquam
1255 2619 1477 2689 docuit,
1508 2640 1713 2677 eorum
1743 2641 1873 2696 quae

123 2713 351 2771 caelitus
381 2716 519 2772 data
547 2722 684 2771 sunt
713 2714 1049 2772 hominibus
1089 2734 1221 2771 eam
1261 2734 1492 2791 semper
1529 2716 1653 2773 fore
1694 2718 1875 2774 ratio-

125 2828 280 2878 nem,
303 2818 511 2868 utnon
535 2813 660 2870 sine
684 2812 880 2868 fructu
907 2812 1074 2868 nobis
1097 2831 1222 2869 esse
1241 2812 1590 2871 videant-ur?
1651 2812 1872 2871 Nonne

126 2907 366 2983 singulis
411 2909 576 2964 annis
615 2915 876 2983 apparet,
909 2927 1085 2982 quam
1116 2909 1277 2985 larga
1306 2930 1373 2967 ac
1404 2929 1585 2986 prope
1628 2912 1874 2988 prodiga

125 3002 201 3058 sit
243 3022 436 3060 rerum
480 3012 722 3072 natura3
771 3004 863 3061 vel
908 3012 1149 3080 propter
1190 3005 1362 3064 flores
1406 3007 1570 3064 nullo
1613 3028 1732 3064 non
1772 3028 1875 3066 an-

125 3098 264 3174 gulo
320 3119 561 3175 sparSOS,
609 3101 840 3158 infinita
897 3108 959 3157 et
1017 3102 1358 3160 suavissima
1418 3104 1521 3162 illa
1567 3106 1871 3171 varietate,

125 3213 370 3268 quorum
399 3203 601 3254 tamen
629 3217 822 3272 neque
854 3197 1145 3255 coloribus
1178 3217 1370 3273 neque
1410 3199 1619 3256 habitu
1658 3201 1870 3257 fruitu-

127 3309 224 3347 rus
252 3291 327 3348 sit
354 3291 476 3348 ullo
508 3301 772 3368 tempore
802 3293 1108 3368 quisquam
1151 3295 1524 3353 mortalium:
1575 3296 1664 3354 vel
1700 3316 1871 3371 prop-

128 3390 220 3440 ter
247 3385 549 3461 sylvestria
575 3407 751 3462 poma
785 3395 846 3443 et
890 3388 1113 3456 baccas,
1146 3408 1391 3464 quarum
1422 3410 1538 3465 quo
1569 3409 1700 3465 spes
1728 3390 1873 3446 ube-

126 3481 241 3536 rior
282 3484 487 3539 aestivo
532 3491 814 3558 tempore,
846 3503 916 3539 eo
956 3485 1021 3540 fit.
1062 3484 1297 3543 effusior
1340 3493 1579 3562 strages,
1612 3492 1870 3542 exeunte
