2288 4036
175 321 505 356 PRAEL.XXXV.
564 301 653 353 sed
673 308 715 352 et
741 297 1009 368 voluptatis
1023 304 1296 367 pertoeswm
1320 313 1368 349 se
1394 295 1656 348 ostendere.
1736 356 1738 358 v
1826 297 1922 350 701

409 443 618 500 Effugere
638 440 767 499 haud>
780 440 895 497 potis
918 446 996 491 est,
1019 438 1203 494 ingratis
1224 436 1375 488 haeret,
1398 442 1440 479 et
1461 436 1597 492 angit,

409 515 659 571 Propterea,
681 511 826 556 morbi
847 511 949 569 quia
970 525 1150 554 causam
1171 523 1262 552 non
1282 514 1403 552 tenet
1423 521 1567 564 aeger3

412 587 561 635 Quam
580 582 693 629 bene
715 580 753 628 si
773 582 932 635 videat,
948 583 1043 641 jam
1063 582 1197 626 rebus
1219 581 1407 639 quisque
1427 580 1590 624 relictis

411 658 631 701 Naturam
653 656 848 713 primum
869 654 1045 698 studeat
1067 667 1335 710 cognoscere
1355 667 1532 696 rerum:

415 729 636 786 Temporis
657 729 806 772 oeterm·
827 727 1039 784 quoniam,
1062 740 1147 768 non
1166 726 1292 768 unius
1313 725 1427 767 horae

409 801 655 857 Ambiqitur
674 805 830 851 status,
852 799 898 842 in
920 813 1001 855 quo
1022 798 1083 842 sit
1101 796 1354 840 mortalibus
1374 796 1512 839 omnis

409 874 550 917 AEtas
562 878 668 930 post
688 878 877 924 mortem,
901 886 993 929 quae
1013 876 1151 914 restat
1172 884 1348 927 cunque,
1370 869 1595 913 manenda.

178 957 411 1038 Ecquis,
444 964 699 1029 obsecr0,
731 982 847 1019 non
883 963 1116 1037 juratus
1147 979 1380 1036 quoque
1421 961 1597 1028 dicat,
1629 960 1788 1034 loqui
1831 959 1928 1016 hic

177 1061 479 1118 sanctioris
511 1059 830 1135 disciplinae
860 1058 1216 1134 patronum?

260 1155 466 1231 Atque
507 1156 596 1213 his
625 1156 865 1230 quidem
903 1156 1043 1212 satis
1071 1154 1364 1231 significat
1395 1172 1456 1210 se
1487 1153 1648 1210 sitire
1692 1154 1929 1209 immor-

176 1253 489 1319 talitatem,
519 1259 833 1328 pertaesum
872 1252 1046 1326 hujus
1077 1270 1205 1326 quae
1234 1270 1391 1307 nunc
1422 1257 1512 1306 est
1542 1250 1694 1306 vitae.
1783 1249 1929 1317 Quae

178 1355 518 1423 sequuntur,
569 1367 687 1424 prae
738 1367 799 1404 se
851 1348 1048 1405 ferunt
1099 1347 1279 1422 ipsius
1326 1364 1560 1421 quoque
1611 1346 1930 1422 voluptatis

178 1445 493 1513 fastidium,
514 1451 822 1519 tantopere
846 1445 1001 1519 apud
1031 1444 1380 1520 magistrum
1411 1462 1584 1499 suum
1614 1442 1929 1500 laudataeg.

586 1548 830 1592 Versamur
849 1548 1031 1600 ibidem,
1054 1555 1186 1606 atque
1206 1548 1413 1592 insumus
1439 1563 1578 1607 usque
1590 1566 1604 1600 ;

412 1620 508 1664 Nec
529 1635 646 1664 nova
666 1620 855 1665 vivendo
876 1620 1137 1678 procuditur
1157 1621 1248 1664 ulla
1269 1621 1489 1677 voluptas,

413 1692 501 1736 Sed
522 1692 642 1751 quod
664 1693 801 1745 abest,
825 1693 933 1737 dum
955 1708 1151 1745 avemus,
1174 1693 1221 1737 id
1243 1708 1505 1750 exsuperare
1525 1693 1700 1737 videtur

412 1764 608 1809 Caetera:
642 1772 743 1822 post
763 1765 898 1817 aliud,
922 1781 1025 1809 cum
1047 1766 1233 1823 contigit
1253 1765 1378 1817 illud,
1401 1780 1583 1809 avemus
1595 1783 1609 1817 ;

413 1837 471 1880 Et
493 1837 588 1881 sitis
609 1852 737 1896 aequa
758 1845 876 1881 tenet
896 1838 1002 1882 vitai
1023 1853 1196 1895 semper
1216 1838 1388 1882 hiantes
1406 1854 1415 1881 :

410 1907 678 1967 Posteraque
697 1909 744 1952 in
766 1908 903 1953 dubio
926 1916 992 1953 est
1012 1910 1237 1954 fortunam
1258 1924 1393 1967 quam
1414 1908 1543 1954 vehat
1564 1916 1685 1961 aetas,

414 1981 591 2029 Quidve
611 1981 721 2025 ferat
742 1982 871 2026 nobis
894 1997 1038 2034 caSUS,
1063 1983 1192 2040 quive
1213 1983 1356 2026 exitus
1378 1983 1525 2026 instet.

263 2085 419 2153 Quid
464 2084 566 2142 illa
609 2086 922 2142 decantata
957 2085 1030 2141 de
1076 2085 1444 2152 nascentium
1490 2103 1803 2160 puerorum
1836 2104 1933 2141 va-

179 2183 347 2259 gitu?
395 2200 590 2238 nonne
634 2183 906 2239 omnibus
944 2182 1265 2239 Platonicis
1296 2188 1356 2238 et
1390 2180 1774 2258 Pythagoreis
1817 2181 1933 2239 cla-

179 2280 297 2335 rius
332 2278 668 2354 loquuntur,
699 2287 802 2335 aut
833 2279 893 2335 in
923 2279 1167 2336 meliora
1197 2279 1504 2355 erigendos
1535 2297 1660 2336 esse
1688 2280 1932 2346 animOS,

179 2394 354 2450 quam
399 2394 502 2450 pro
546 2374 885 2431 mortalium
915 2394 982 2432 ac
1014 2381 1379 2431 terrenorum
1422 2374 1668 2439 ratione,
1699 2380 1802 2430 aut
1832 2392 1932 2454 pe-

179 2473 338 2529 nitus
369 2471 795 2546 desperandum
826 2471 1164 2528 hominibus
1195 2472 1268 2527 de
1300 2471 1422 2528 vita
1451 2465 1712 2527 beatah?

411 2577 530 2621 Tum
551 2592 682 2634 porro
705 2577 835 2629 Puer,
857 2584 908 2621 ut
930 2577 1057 2621 saevis
1078 2578 1299 2634 projectus
1322 2577 1377 2620 ab
1399 2576 1533 2620 undis

415 2649 592 2700 Navita,
613 2649 764 2693 nudus
785 2649 912 2693 humi
927 2650 1057 2707 Jacet,
1078 2649 1239 2701 infans,
1261 2648 1443 2707 indigus
1465 2649 1588 2692 omni

415 2724 550 2767 Vitali
572 2724 751 2775 auxilio,
775 2738 878 2767 cum
899 2723 1095 2780 primum
1115 2723 1162 2766 in
1182 2723 1364 2766 luminis
1386 2737 1485 2766 oras

414 2796 458 2839 N
461 2796 609 2840 ixibus
631 2811 685 2839 ex
706 2797 804 2839 alvo
825 2795 977 2839 matris
1000 2795 1175 2838 Natura
1194 2794 1394 2851 profudit
1406 2812 1420 2846 ς

416 2868 669 2926 Vagituque
687 2869 837 2911 locum
858 2867 1039 2924 lugubri
1060 2867 1264 2923 complet,
1281 2874 1332 2909 ut
1353 2880 1533 2923 aequum
1556 2874 1635 2918 est,

417 2940 503 2984 Cui
522 2947 696 2984 tantum
718 2940 762 2983 in
786 2940 876 2983 vita
896 2946 1031 2982 restat
1051 2939 1238 2982 transire
1258 2939 1493 2982 malorum.

182 3037 507 3103 Accedant,
540 3037 751 3111 quibus
796 3037 950 3111 apud
993 3054 1128 3091 eum
1169 3034 1403 3092 Natura
1433 3035 1707 3110 querulos
1749 3035 1935 3091 homi-

182 3151 301 3200 neS,
334 3139 393 3189 et
424 3151 528 3188 sua
556 3132 923 3189 fastidientes
953 3128 1267 3207 increpati.

891 3238 985 3281 Cur
1005 3238 1195 3295 amplius
1217 3238 1377 3283 addere
1398 3240 1558 3297 quaeris

419 3310 617 3354 Rursum
640 3310 761 3368 quod
782 3316 928 3367 pereat
948 3311 1077 3361 male,
1095 3317 1138 3353 et
1158 3310 1385 3367 ingratum
1406 3310 1577 3355 occidat
1598 3326 1743 3364 omne,

419 3382 514 3426 Nec
537 3383 685 3440 potius
707 3383 810 3431 vitae
830 3382 965 3425 finem
986 3382 1109 3434 facis,
1132 3389 1262 3441 atque
1283 3383 1476 3426 laboris?

419 3451 537 3495 Nam
557 3452 639 3496 tibi
659 3460 869 3510 praeterea
890 3452 1010 3510 quod
1030 3453 1271 3504 machiner,
1293 3453 1618 3511 inveniamque,

421 3524 555 3572 Quod
577 3526 757 3583 placeat,
780 3525 891 3569 nihil
911 3532 1003 3569 est:
1037 3525 1190 3569 eadem
1213 3533 1317 3569 sunt
1338 3526 1487 3570 omnia
1508 3539 1694 3582 semper.

274 3660 299 3690 8⁹
332 3653 463 3697 Lucr.
491 3668 532 3711 3.
561 3668 687 3713 1092.
1045 3654 1070 3686 h
1092 3666 1133 3709 5.
1159 3669 1259 3698 222.
1616 3653 1693 3711 i3.
1716 3668 1818 3712 954.
