2288 4036
332 190 444 241 580
638 190 721 243 De
748 186 1026 258 Sophoclea
1052 188 1111 242 in
1134 188 1346 243 scenicis
1371 187 1665 260 diliyentia.
1757 209 1923 242 PRAEL.
1947 208 2142 242 xxvm.

336 337 495 394 enim
535 337 801 415 pietate;
845 342 1012 394 caret
1046 334 1493 404 misericordia3
1538 342 1704 393 caret
1734 334 1976 404 affectu,
2008 335 2142 393 dul-

335 435 574 493 cissimo
623 436 867 511 quidem
927 433 1053 503 illo,
1115 454 1234 510 quo
1295 433 1593 512 Virgilius
1645 436 1924 511 prosequi
1969 434 2140 493 solet

333 535 584 592 miseros
614 540 798 610 atque
829 553 1017 611 aegros
1046 532 1353 591 mortales.

423 631 610 689 Porro
655 652 854 709 neque
898 632 1051 690 illud
1093 633 1409 690 omittam:
1456 633 1718 711 viguisse
1752 632 2139 711 Sophoclem,
2209 699 2212 702 ,

335 738 406 788 ut
459 732 561 807 qui
622 732 911 801 maxime,
962 732 1033 789 iis
1087 751 1224 808 quae
1283 731 1359 789 ad
1419 733 1726 790 scenicum
1782 740 2138 810 apparatum

334 831 677 908 pertinent:
732 851 864 907 quae
909 850 1003 889 res
1049 850 1231 908 quam
1279 830 1511 889 lubrico
1560 833 1621 888 in
1670 832 1803 890 loco
1849 839 2138 900 versetur,

335 949 640 1007 quamque
685 951 872 1008 prope
917 931 1074 989 absit
1113 950 1150 988 a
1191 929 1451 988 molesta
1494 931 1856 990 histrionum
1888 931 2141 1010 diligen-

335 1029 439 1098 tia,
493 1049 616 1087 non
661 1031 776 1088 erit
822 1050 930 1088 cur
976 1029 1213 1108 longius
1254 1049 1575 1107 exponam.
1667 1030 1913 1089 Dicitur
1954 1031 2139 1088 etiam

336 1131 659 1209 AEschylus
733 1132 973 1190 auxisse
1046 1131 1257 1189 multis
1330 1131 1601 1208 partibus
1665 1132 2136 1190 instrumentum

336 1230 577 1289 theatri.
670 1229 793 1290 Sed
836 1230 1058 1299 videte,
1102 1249 1284 1307 quam
1329 1230 1391 1288 in
1436 1231 1568 1289 istis
1614 1231 1798 1289 etiam
1842 1232 2142 1289 evaserint

336 1336 595 1406 uterque
655 1329 748 1388 sui
808 1329 1037 1388 similis.
1137 1328 1384 1406 Nempe
1436 1329 1777 1407 AEschJIUS,
1829 1330 1892 1387 ni
1950 1329 2142 1398 fallor,

336 1426 588 1505 Tragica
629 1446 736 1504 pro
770 1426 1000 1505 Lyricis
1039 1427 1269 1504 primus
1313 1428 1566 1496 invexit,
1597 1428 1850 1504 repertis
1891 1427 1980 1496 iis,
2012 1446 2143 1503 quae

338 1525 434 1582 vel
471 1545 695 1604 genere
727 1526 823 1584 vel
864 1545 1119 1584 numero
1161 1546 1360 1585 scenae
1402 1526 1758 1604 simpliciter
1788 1533 1852 1584 et
1880 1526 2144 1605 graviter

338 1625 618 1684 ornandae
649 1625 1014 1684 sufficerent.
1101 1625 1433 1703 Sophocles
1463 1626 1709 1685 tertiam
1738 1626 1981 1684 induxit
2010 1644 2147 1703 per-

338 1743 564 1793 sonam,
596 1725 764 1803 pingi
797 1726 1030 1783 curavit
1060 1744 1323 1796 scenam,
1355 1733 1569 1803 quarta
1613 1733 1785 1804 parte
1820 1743 2142 1784 numerum

339 1823 784 1883 Choreutarum
826 1825 1033 1895 auxit3
1080 1844 1336 1903 quarum
1382 1825 1655 1883 omnium
1700 1845 1902 1884 rerum
1947 1844 2020 1883 ea
2057 1824 2145 1882 vis

338 1931 485 1992 erat,
517 1931 588 1983 ut
624 1924 905 2002 voluptas
946 1924 1148 2003 aliqua
1189 1931 1355 1984 certe
1401 1943 1480 1982 ex
1524 1931 1696 2003 parte
1738 1926 2027 2004 migraret
2068 1943 2147 1982 ex

338 2025 584 2084 auribus
628 2026 690 2083 in
738 2025 963 2084 oculos.
1055 2025 1257 2084 Immo
1305 2026 1489 2083 etiam
1536 2026 1709 2084 aiunt
1754 2046 1896 2084 eum
1942 2025 2148 2083 dedita

339 2144 522 2203 opera
581 2125 885 2202 scripsisse
943 2125 1252 2183 interdum
1305 2124 1651 2203 Tragoedias
1702 2124 1810 2183 tali
1871 2123 2149 2194 formula,

339 2244 495 2301 quae·
530 2224 672 2282 huic
706 2224 819 2282 ‘vel
871 2223 961 2282 illi
1012 2224 1290 2283 histrioni
1347 2225 1731 2301 potissimum
1779 2224 2146 2282 conveniret.

340 2322 520 2394 Quod
582 2325 629 2383 si
691 2344 799 2402 per
850 2330 1095 2402 tempus
1147 2324 1345 2394 liceat,
1399 2324 1624 2402 possim
1681 2324 1879 2383 multa
1937 2343 2015 2382 ex
2074 2344 2147 2382 eo

339 2423 579 2494 referre,
618 2444 756 2502 quae
800 2424 863 2482 111
911 2424 1101 2483 0011118
1154 2424 1566 2502 adspicientur
1613 2424 1906 2482 carebunt
1958 2423 2149 2482 ferme

340 2542 448 2581 sua
477 2524 571 2582 vi:
619 2525 894 2601 quamvis
925 2525 1054 2602 ipse
1086 2524 1352 2583 fateatur
1382 2522 1761 2593 Aristoteles,
1792 2530 1892 2592 τῆς
1920 2548 2151 2604 τραγῳ-

341 2620 457 2686 δίας
488 2620 707 2694 δύναμιν
738 2621 870 2682 εἶναι
909 2621 1032 2682 ἄνευ
1062 2622 1276 2702 ἀγῶνος
1312 2623 1399 2681 καὶ
1439 2624 1772 2704 ὑποκριτῶν.
1862 2622 1954 2682 At
1999 2624 2151 2683 scire

341 2722 542 2793 velim,
575 2744 859 2802 quorsum
899 2723 1073 2794 illud,
1105 2724 1267 2801 quod
1299 2724 1610 2782 inducitur
1638 2723 1701 2781 in
1734 2722 1979 2782 Electra
2010 2723 2151 2802 Cly-

342 2830 708 2883 taemnestrae
758 2825 941 2882 modo
995 2825 1204 2883 occisae
1254 2823 1524 2882 velatum
1578 2842 1812 2901 corpus,
1858 2830 2149 2900 tanquam

343 2921 613 2992 Orestis3
673 2944 793 3001 quo
846 2925 1109 3001 primum
1172 2923 1474 3001 decipitur
1522 2923 1741 2981 deinde
1800 2922 2151 3000 percellitur

342 3021 673 3100 AEgisthus
741 3023 1047 3094 Quorsum
1079 3023 1438 3100 poenitentia
1461 3020 1670 3099 Ajacis
1702 3022 2000 3091 simulata,
2021 3041 2152 3080 sera

343 3126 476 3178 tum
510 3121 825 3199 Dejanirae,
851 3129 985 3180 tum
1018 3120 1338 3180 Creontis?
1403 3120 1567 3191 Quid
1598 3120 1760 3179 aliud
1794 3120 1905 3180 sibi
1937 3120 2151 3178 volunt

345 3221 764 3280 conversiones
817 3222 1130 3299 ejusmodi,
1183 3222 1297 3279 nisi
1352 3228 1423 3279 ut
1475 3219 1660 3278 animi
1714 3239 1821 3278 seu
1875 3227 2150 3298 spectan-

345 3319 501 3378 tium
533 3340 639 3379 seu
670 3322 864 3398 primo
895 3321 1232 3399 legentium
1264 3326 1591 3378 teneantur
1621 3319 1881 3378 arrecti?
1953 3318 2149 3377 Perti-

345 3427 495 3478 nent
525 3422 641 3480 ista
670 3441 910 3499 prorsus
940 3423 1017 3479 ad
1049 3421 1378 3488 theatrum,
1409 3439 1532 3478 non
1562 3420 1637 3478 ad
1670 3419 2041 3497 scriptorem.

434 3519 615 3590 Quid,
649 3521 809 3598 quod
847 3521 1122 3579 videmus
1167 3520 1490 3597 aliquando
1535 3520 1597 3576 in
1643 3538 1885 3578 scenam
1920 3518 2153 3595 Sopho-

347 3619 538 3680 cleam
586 3623 752 3680 mitti
798 3641 919 3680 non
966 3620 1160 3679 solum
1196 3621 1402 3679 odiosa
1433 3639 1639 3679 verum
1674 3620 1859 3678 etiam
1904 3619 2151 3677 infanda
