2288 4036
231 154 341 205 842

235 284 450 328 Oratoria
501 285 647 329 multa
697 285 745 329 in
797 286 1036 346 Odysseia,
1082 289 1173 333 xiii.

292 358 396 402 209.

235 404 370 449 Orbis
404 405 561 449 summi
596 405 720 463 apud
755 406 1019 452 Lucretium
1051 416 1175 453 tran-

291 465 507 524 quillitas,
541 466 680 509 xxxii.
715 465 819 525 654.
884 467 1022 512 etiam
1053 469 1176 528 apud

290 525 599 579 Aristotelem,
623 525 727 584 655.

235 584 402 629 Ordine
432 585 655 639 incedere,
679 586 919 632 affectibus
952 588 1174 643 medetur,

289 645 351 690 vi.
405 646 448 689 8.

234 656 430 750 Oreadbs
451 705 698 764 Nymphae,
721 720 878 751 earum
899 707 1042 765 origo,
1065 725 1173 754 xxx.

291 765 397 810 616.

234 825 418 870 Orestea
435 825 660 884 AEschyli,
679 825 787 872 xvii.
804 826 907 886 296.
941 828 1054 873 ordo
1076 829 1174 888 ejus

289 885 525 944 paullatim
559 885 796 939 evolvitur,
819 887 911 931 xix.
936 888 1041 947 336.
1079 896 1175 935 tota

290 953 359 990 est
390 945 439 989 in
471 946 655 1005 προνοίᾳ
688 946 934 1000 laudanda,
967 965 1043 993 xx.
1067 951 1172 1008 358.

290 1013 333 1049 et
354 1006 401 1049 in
423 1005 501 1050 lite
524 1006 721 1065 quadam
744 1007 953 1052 Deorum
985 1025 1172 1068 compo-

288 1065 454 1118 nenda,
478 1066 586 1110 xxii.
611 1066 715 1121 416.

233 1127 426 1177 Orestes,
462 1128 669 1184 exemplo
703 1127 800 1186 ejus
833 1128 1011 1173 incitari
1043 1130 1173 1175 Tele-

287 1186 519 1236 machum,
542 1203 617 1230 xv.
644 1188 746 1242 248.
779 1188 939 1233 incidit
959 1189 1008 1233 in
1029 1205 1173 1249 quan-

289 1246 395 1290 dam
419 1246 595 1290 Butleri
617 1248 901 1302 sententiam,
925 1249 1047 1294 xviii.
1067 1265 1171 1309 321.

287 1306 582 1364 parricidium
623 1308 720 1366 ejus
763 1309 996 1368 quomodo
1033 1310 1173 1355 lenia-

287 1374 378 1420 tur,
401 1367 493 1411 xxi.
517 1382 624 1427 390.
679 1368 888 1414 sacerdos
910 1385 1004 1414 non
1028 1371 1172 1415 carni-

287 1427 361 1471 fex
384 1435 492 1479 erat,
515 1442 620 1486 392.
671 1429 915 1486 puerilium
947 1446 1173 1476 annorum

287 1503 479 1540 memor,
493 1488 601 1532 ibid.
636 1488 814 1534 Electra
837 1491 1046 1544 severior,
1066 1506 1171 1551 393.

289 1547 382 1592 doli
418 1548 515 1606 ejus
553 1549 780 1607 Apollinis
817 1551 998 1596 monitu
1034 1567 1171 1597 excu-

288 1615 462 1659 santur,
487 1622 591 1663 401.
627 1608 682 1653 de
699 1624 835 1654 scena
855 1611 902 1654 in
928 1610 1171 1670 Choepho-

285 1668 348 1712 ris
364 1668 617 1721 discedenS,
632 1683 737 1724 402,
753 1684 859 1725 404,
870 1685 975 1726 410.
998 1671 1170 1718 invitus

285 1736 479 1772 matrem
501 1729 680 1782 occidit,
696 1744 800 1789 409.
835 1746 918 1775 cur
934 1731 1170 1778 intervallo

285 1796 381 1833 tam
408 1789 535 1833 tenui
567 1789 784 1843 elabatur,
807 1791 915 1835 xxii.
940 1803 1044 1851 417.
1089 1808 1172 1837 cur

285 1850 357 1894 vel
378 1849 426 1893 in
448 1849 585 1908 adyto
617 1857 746 1896 tutus
778 1866 878 1896 esse
909 1867 1003 1896 non
1036 1859 1170 1911 potu-

286 1909 385 1962 erit,
418 1910 523 1964 418.
576 1917 700 1955 totus
738 1919 832 1956 erat
864 1911 912 1956 in
946 1912 1170 1971 Apolline,

285 1981 392 2028 427.
432 1985 514 2014 cur
534 1971 748 2028 pauciora
769 1973 1021 2032 eloquatur,
1045 1975 1150 2029 428.

230 2030 477 2075 Orientalis
504 2030 692 2090 quidam
721 2032 769 2076 in
794 2032 998 2077 Homero
1031 2035 1169 2087 color,

286 2091 347 2135 ix.
376 2092 476 2146 148.
509 2091 586 2135 xii.
610 2106 710 2150 191.
744 2092 1048 2151 philosophia,
1071 2095 1169 2154 ejus

285 2151 477 2210 vestigia
498 2151 546 2195 in
569 2151 808 2212 Odysseia,
831 2154 892 2197 xi.
917 2165 1015 2213 175.

231 2212 370 2256 Orion
423 2211 479 2256 ab
531 2211 681 2257 AEnea
732 2213 974 2272 navigante
1024 2214 1168 2268 visus,

286 2272 441 2316 xxxix.
468 2283 569 2330 795.

230 2332 380 2377 Otium
420 2332 582 2376 mediis
626 2333 796 2390 proeliis
839 2333 1081 2392 interponi,
1124 2351 1169 2380 x.

291 2403 392 2450 155.
447 2392 723 2437 desiderium
744 2394 856 2452 ejus,
880 2409 1062 2439 summa
1082 2395 1170 2439 fer-

286 2468 361 2497 me
387 2452 641 2513 Odysseiae,
668 2453 729 2497 xi.
759 2464 859 2512 173,
887 2466 987 2514 175.
1034 2455 1170 2500 variis

286 2513 468 2557 casibus
504 2513 553 2557 id
589 2513 779 2566 intendi,
814 2515 914 2573 178.
979 2515 1170 2561 errantis

288 2574 471 2632 Ulyssis
512 2574 656 2618 oculis
693 2574 865 2634 ubique
901 2575 1168 2629 occurrisse,

291 2635 392 2687 181,
425 2634 508 2678 &c.
572 2634 825 2692 praesertim
860 2635 905 2679 in
947 2635 1169 2688 Phaeacia,

286 2694 362 2738 xii.
391 2695 492 2754 189,
515 2694 597 2739 &c.
662 2711 755 2738 non
788 2695 845 2740 ab
868 2696 1052 2754 Ulysse,
1082 2696 1172 2741 nisi

284 2754 555 2813 ingenuum,
570 2755 732 2813 expeti,
750 2770 852 2800 202.
886 2756 1042 2801 otiosis
1061 2771 1170 2801 con-

285 2815 527 2860 veniebant
542 2815 640 2859 ludi
658 2815 895 2869 Hellenici,
910 2817 1048 2861 xxvii.
1062 2828 1167 2875 543.

229 2875 381 2920 Ovidii
402 2875 540 2920 verba
560 2884 812 2933 ponuntur,
835 2877 927 2921 xix.
942 2889 1046 2936 347,
1062 2890 1167 2936 350.

285 2935 442 2980 xxxiii.
466 2935 569 2980 668.

227 2995 433 3040 Ovidium
474 2996 686 3041 facilitate
727 2996 876 3055 attigit
913 2996 1167 3051 Lucretius,

283 3056 423 3100 xxxii.
448 3055 553 3100 661.
597 3058 694 3116 ejus
726 3057 904 3115 pictura
935 3072 1040 3102 cum
1063 3058 1168 3102 Vir-

283 3116 451 3175 giliana
472 3117 777 3175 componitur,
801 3117 957 3162 xxxiii.
981 3117 1085 3163 668.

224 3357 413 3414 Pacifici
448 3356 600 3401 Maris
638 3353 882 3415 indigenae,
921 3373 1169 3417 quamnam

282 3417 480 3462 habeant
507 3416 687 3469 Poesin,
719 3417 776 3461 iv.
814 3429 888 3476 51.
935 3418 1165 3477 Lotopha-

282 3493 448 3533 gorum
472 3477 655 3528 similes,
679 3477 740 3521 xi.
769 3478 869 3522 182.

220 3537 503 3582 Palinodiam
531 3537 652 3581 canit
680 3537 931 3597 AEschylus
967 3537 1013 3582 in
1043 3537 1166 3597 Aga-

282 3613 540 3650 memnone,
564 3596 656 3641 xix.
680 3608 784 3656 354.

220 3658 380 3702 Palma
401 3658 651 3703 virescente
672 3665 854 3716 tempus
876 3658 1039 3711 notari,
1057 3674 1164 3703 xxv.

280 3717 384 3777 496·

1033 154 1406 207 INDEX.

1262 288 1500 332 Paneratii
1511 289 1684 346 peritus
1701 289 1942 344 Pindarus,
1961 292 2081 337 xxiv.
2100 294 2206 348 481.

1262 349 1541 406 Paneyyrica
1558 348 1739 394 Pindari
1755 351 1925 394 cantari
1939 353 2209 411 plerumque

1322 408 1444 466 apud
1479 424 1555 453 eos
1595 410 1673 468 qui
1710 411 2061 464 coronabantur,
2098 429 2207 457 xxv.

1263 483 1514 572 Πανὲξι-λίαι
1572 529 1778 574 Deorum
1837 529 2209 585 Homericorum,

1323 603 1384 632 1x.
1412 602 1512 642 140.

1264 647 1492 692 Panthera
1514 646 1638 705 apud
1662 647 1934 702 Homerum,
1957 666 2002 694 x.
2031 665 2130 710 149.

1262 707 1530 752 Paradisum
1573 708 1698 751 solus
1749 709 2002 754 verecunde
2052 712 2209 769 posuit

1324 768 1516 821 Dantes,
1539 767 1693 812 xxxiii.
1718 767 1821 827 679.
1856 771 2121 827 sylvestrem
2142 771 2207 816 ibi

1322 835 1534 872 ornatum
1556 827 1780 881 adhibuit,
1803 829 1911 874 ibid.

1261 887 1503 932 Parentum
1581 903 1688 946 erga
1765 888 1960 934 infantes
2044 890 2205 944 ironia,

1321 948 1491 993 xxxvii.
1518 949 1622 1006 750.

1260 1007 1509 1052 Parcarum
1543 1023 1648 1052 cum
1683 1007 2018 1054 Eumenidibus
2047 1010 2095 1054 in
2121 1011 2206 1055 ho-

1323 1068 1467 1112 mines
1489 1067 1747 1126 imperium,
1770 1069 1893 1112 xviii.
1912 1069 2017 1127 316.
2045 1085 2205 1116 vocem

1321 1128 1501 1172 affectat
1553 1128 1914 1187 Clytaemnestra,
1966 1145 2043 1174 xx.
2097 1130 2203 1189 368.

1321 1187 1522 1232 illuserat
1543 1189 1607 1232 eis
1629 1188 1810 1245 Apollo,
1832 1189 1940 1233 xxii.
1964 1204 2068 1245 424.

1261 1248 1497 1307 Παρρησία
1518 1248 1724 1292 militaris
1750 1248 1948 1301 Pindari,
1963 1250 2083 1294 xxvi.
2098 1262 2205 1309 519.

1322 1324 1461 1367 quam
1482 1309 1574 1353 vim
1597 1309 1645 1352 in
1667 1324 1718 1352 ea
1740 1324 1787 1353 re
1809 1309 1972 1354 habeat
1995 1319 2203 1356 senectus

1319 1369 1510 1426 placida,
1545 1369 1683 1414 xxvii.
1719 1380 1823 1427 540.
1859 1370 2026 1427 saepius
2063 1386 2205 1416 anna-

1321 1429 1435 1473 lium
1477 1429 1607 1488 quasi
1647 1429 1758 1474 velis
1804 1430 2053 1487 tegebatur,
2096 1432 2202 1489 548.

1322 1489 1476 1533 divina
1502 1488 1690 1533 audacia
1715 1504 1812 1533 sese
1835 1490 2064 1543 tuebatur,
2097 1502 2202 1550 552.

1320 1550 1488 1609 quippe
1501 1549 1714 1607 praesenti
1730 1549 1936 1594 Numina
1953 1550 2082 1603 freta,
2097 1552 2204 1610 558.

1321 1610 1551 1661 Ecclesiae,
1590 1608 1838 1654 Pindaricae
1880 1609 1945 1654 illi
1981 1611 2202 1670 quodam-

1319 1669 1458 1714 modo
1479 1668 1798 1727 respondebat,
1822 1680 1925 1729 559.

1258 1729 1445 1773 Paridis
1481 1738 1525 1773 et
1564 1729 1753 1774 Helenae
1783 1730 2060 1774 mentionem
2093 1745 2203 1776 con-

1320 1790 1441 1834 sulto
1462 1789 1622 1848 ingeri,
1643 1789 1719 1833 vii.
1737 1803 1812 1848 92.
1838 1789 1981 1843 Paris,
2004 1790 2202 1849 hospitio

1318 1849 1499 1901 violato,
1523 1849 1714 1907 patriam
1736 1849 1948 1908 perdidit,
1970 1866 2045 1895 xv.
2070 1851 2172 1907 246.

1258 1910 1466 1969 Παρόδου
1497 1910 1545 1954 in
1575 1910 1921 1969 Agamemnone
1948 1910 2076 1963 ratio,
2109 1911 2202 1957 xix.

1320 1984 1404 2028 351
1415 2005 1424 2015 .
1454 1970 1503 2014 in
1518 1970 1853 2014 Eumenidibus
1870 1985 1970 2014 eam
1987 1971 2202 2016 clausulae

1320 2030 1535 2074 dramatis
1549 2029 1837 2088 respondere,
1853 2030 1959 2074 xxii.
1976 2030 2080 2089 436,
2095 2032 2199 2090 438.

1257 2091 1467 2151 Παρῳδία
1483 2091 1632 2148 potuit
1648 2091 1697 2134 in
1713 2090 1850 2135 rebus
1869 2105 2051 2150 quoque
2073 2092 2200 2137 seriis

1318 2158 1506 2203 exstare,
1529 2167 1666 2195 xxxv.
1691 2150 1795 2209 698.

1258 2211 1424 2255 Pastor
1457 2210 1579 2269 apud
1612 2211 1908 2255 Theocritum
1940 2225 2100 2255 canem
2129 2212 2201 2256 in-

1314 2286 1523 2329 crepans,
1546 2271 1669 2315 xxxi.
1693 2270 1796 2326 644.

1258 2331 1561 2375 Pastoralium
1590 2331 1893 2389 Dialogorum
1920 2331 2050 2385 ratio,
2076 2332 2199 2376 xxiv.

1319 2402 1424 2450 470.
1458 2392 1555 2450 ejus
1580 2392 1757 2449 generis
1785 2391 1928 2443 initia,
1959 2407 2066 2436 xxx.
2094 2391 2199 2450 613.

1317 2451 1599 2496 incrementa
1619 2452 1661 2495 ei
1683 2450 1806 2495 dedit
1837 2450 2067 2504 Latinum,
2090 2452 2200 2498 ibid.

1318 2512 1540 2571 originem
1600 2510 1753 2555 Sicilia
1811 2518 1855 2555 et
1912 2511 2199 2566 Theocritus,

1318 2572 1441 2616 xxxi.
1465 2571 1568 2630 636.

1258 2632 1421 2676 Patres
1448 2633 1680 2685 Ecclesiae,
1709 2631 1885 2676 laudari
1917 2631 1973 2676 ab
2002 2631 2057 2676 iis
2089 2631 2200 2678 Pro-

1318 2693 1512 2745 methea,
1530 2693 1651 2737 xviii.
1671 2706 1724 2750 31
1736 2707 1775 2736 1.
1798 2692 1953 2751 opinio
1967 2707 2125 2736 eorum
2144 2692 2200 2737 de

1320 2752 1546 2805 Oraculis,
1571 2753 1722 2796 xxxiv.
1753 2751 1856 2812 694.
1892 2752 1947 2796 de
1979 2751 2130 2797 Poetis
2156 2759 2201 2798 et

1319 2812 1625 2870 Philosophis,
1639 2814 1700 2857 xl.
1721 2813 1824 2871 805.
1860 2812 2200 2871 Philosophiam

1319 2873 1419 2918 Deo
1440 2874 1714 2924 tribuerunt,
1738 2874 1842 2932 809.

1255 2934 1427 2978 Patrioe
1456 2933 1666 2978 desiderii
1690 2933 1739 2977 in
1767 2932 1994 2992 Odysseia
2024 2933 2200 2992 signifi-

1317 2994 1530 3047 cationes,
1553 2994 1614 3038 xi.
1643 3004 1742 3052 177.

1256 3054 1475 3098 Patriciis
1515 3069 1597 3099 cur
1633 3053 1813 3098 faveant
1855 3053 2022 3106 Poetae,
2059 3052 2197 3098 xxvii.

1255 3127 1461 3219 Pa5tigcli
1481 3174 1681 3234 exequiae
1704 3189 1787 3218 cur
1805 3173 1990 3231 longius
2012 3188 2198 3217 narren-

1317 3242 1407 3288 tur,
1436 3235 1496 3280 vi.
1528 3236 1601 3289 85.
1635 3234 1726 3279 viii.
1758 3233 2010 3292 116-119,
2043 3234 2197 3278 xxxvi.

1319 3294 1421 3354 726.
1454 3294 1653 3339 Achilles
1679 3294 1727 3337 in
1752 3309 1858 3338 eum
1888 3293 2098 3346 tenerior,
2121 3294 2198 3339 vii.

1322 3369 1422 3400 100.
1468 3355 1695 3399 Achillem
1738 3354 1824 3398 sub
1867 3356 1964 3412 ejus
2005 3368 2200 3411 persona

1317 3414 1639 3466 commendari,
1669 3414 1761 3458 viii.
1794 3428 1893 3473 109.
1926 3413 1975 3457 in
2004 3413 2200 3471 dapibus

1314 3475 1528 3534 parandis
1551 3474 1754 3527 sedulus,
1777 3474 1837 3518 ix.
1866 3473 1966 3531 138.

1254 3536 1456 3580 Patrona
1478 3535 1606 3579 urbis
1628 3534 1878 3586 Arcadicae,
1901 3548 2006 3576 xxv.
2031 3543 2135 3590 502.

1254 3596 1480 3654 Pauperes
1517 3594 1764 3639 Homerica
1804 3594 1955 3639 verius
1991 3591 2198 3651 judicare

1313 3670 1463 3714 posse,
1485 3671 1530 3699 x.
1562 3654 1662 3713 163.
1699 3654 1904 3698 Homero
1925 3652 2096 3711 judice,
2126 3667 2195 3696 re-

1311 3716 1471 3775 ligiose
1492 3714 1697 3768 curandi,
1719 3715 1809 3759 xiv.
1835 3712 1938 3771 236.
