2288 4036
695 84 711 105 t

252 126 366 177 828

257 255 509 300 Castrensis
530 256 779 314 plebecula,
802 257 863 301 ix.
886 271 984 315 131.

257 314 464 360 Catilinae
517 317 687 361 similes
740 318 866 375 proci
921 317 1198 371 Ithacenses,

313 375 407 419 xiii.
433 377 536 420 208.

256 435 490 540 Ca6tallas
479 452 527 480 111
549 436 730 481 rusticis
752 437 1049 495 voluptarius,
1073 438 1195 482 xxxi.

343 510 397 550 41

255 555 410 599 Caasoe
433 556 647 601 secundae
671 556 802 616 (quas
818 557 1003 613 vocant)
1026 573 1052 601 a
1076 556 1196 616 Sup-

309 616 506 673 plicibus
530 624 769 675 negantur,
795 617 918 661 xxiii.
938 616 1043 672 462.

254 675 477 719 Celtarum
499 677 659 734 reguli,
687 677 1041 722 Homericorum
1071 678 1195 721 simi—

308 736 389 788 les,
412 736 490 779 xii.
517 750 620 794 203.

256 795 467 840 Censoria
503 796 626 854 apud
661 796 941 842 Eumenidas
979 798 1194 856 gravitas,

311 871 420 899 xxn.
445 870 549 911 424.

253 915 509 960 Cervantem
521 918 628 961 lusu
642 932 824 977 quoque
839 919 975 963 serias
990 933 1062 962 res
1077 918 1195 976 egis-

309 991 371 1029 se,
394 977 563 1021 xxxvii
590 990 691 1036 744.

252 1035 452 1081 Chaldaei
474 1052 601 1081 sacra
622 1037 831 1089 ferentes,
854 1038 946 1081 xix.
966 1049 1070 1095 354.

246 1096 476 1200 Χειμέέιον
495 1100 585 1156 πῦρ
618 1097 741 1156 apud
765 1071 1031 1150 Pindarum,
1056 1098 1194 1143 xxvii.

251 1217 340 1261 The
366 1217 576 1261 Children
607 1218 655 1261 in
687 1219 758 1262 the
787 1217 940 1270 Wood,
971 1218 1196 1263 cantilena

309 1277 521 1336 Anglica,
544 1278 666 1322 xxvi.
690 1290 795 1337 524.

253 1336 418 1381 Chiron
443 1337 712 1383 Promethea
731 1339 896 1384 vicaria
916 1353 1054 1397 poena
1083 1339 1194 1384 libe-

306 1405 506 1451 raturus,
530 1399 623 1443 xix.
647 1411 751 1457 335.

252 1456 534 1517 Choe'phoroe,
559 1459 860 1516 AEschyleum
884 1459 1071 1512 Drama,
1094 1459 1191 1518 ejus

309 1519 529 1572 clausula,
582 1519 688 1563 xvii.
734 1534 837 1578 294.
902 1520 1194 1578 componitur

306 1593 413 1623 cum
437 1578 677 1637 Sophoclis
701 1580 892 1632 Electra,
918 1579 1020 1638 296.
1055 1595 1192 1639 quam

305 1646 480 1696 partem
503 1639 549 1683 N
552 1639 628 1683 odi
647 1639 848 1683 Oresteae
871 1640 1094 1692 conficiat,
1115 1656 1191 1683 xx.

306 1699 411 1767 358.
467 1700 719 1744 stabiliores
756 1699 820 1744 ibi
861 1700 1016 1752 animi,
1055 1715 1192 1759 quam

305 1759 354 1802 in
375 1759 738 1818 Agamemnone,
772 1762 864 1803 xxi.
889 1758 994 1818 386.
1044 1761 1192 1804 s-olen

304 1819 435 1863 nium
459 1835 646 1877 precum
668 1820 888 1863 rationem
910 1819 1062 1872 habet,
1086 1821 1190 1879 387.

306 1879 458 1938 agitur
479 1880 538 1923 ad
559 1880 921 1948 Agamemnonis
944 1882 1193 1933 tumulum,

306 1940 412 1998 388.
435 1941 653 1998 temporis
673 1940 895 1984 rationem
910 1948 1073 1993 servat,
1089 1941 1194 2000 389.

309 2000 614 2044 Choricorum
646 2001 743 2058 ejus
777 2001 1031 2045 carminum
1063 2001 1193 2053 ratio,

305 2075 411 2119 394.
456 2060 624 2105 servari
654 2061 718 2104 ibi
749 2061 861 2118 regii
892 2061 1092 2105 nominis
1125 2076 1194 2105 re-

304 2120 570 2172 verentiam,
592 2120 684 2164 xxi.
709 2135 813 2175 411.

249 2180 444 2225 Choerili
465 2181 603 2225 verba
624 2188 874 2238 ponuntur,
898 2180 988 2224 xvi.
1009 2191 1112 2239 275.

249 2241 419 2285 Chorea
439 2241 554 2284 mari
576 2248 718 2293 vecta,
742 2257 847 2285 xxv.
863 2255 968 2299 500.
1002 2255 1191 2310 praeser-

303 2301 388 2345 tim
427 2300 658 2353 HieroniS,
693 2313 797 2358 501.
862 2300 1060 2359 Agesiae,
1095 2301 1191 2359 ejus

302 2361 433 2414 ratio,
457 2375 562 2418 502.
595 2361 829 2414 Thebana,
852 2360 956 2420 506.

249 2422 420 2466 Chorus
454 2421 503 2465 in
534 2421 880 2480 Agamemnone
915 2421 1078 2465 Fatum
1116 2436 1192 2464 ex-

305 2481 564 2526 cusandum
598 2489 750 2540 negat,
784 2482 906 2526 xviii.
940 2495 1045 2540 320.
1100 2481 1191 2524 xix.

303 2553 408 2600 335.
462 2557 545 2586 cur
567 2541 623 2586 de
645 2542 802 2586 futuro
835 2543 1001 2586 scelere
1032 2548 1191 2594 taceat,

303 2618 379 2646 xx.
424 2612 529 2660 372.
594 2617 676 2646 cur
721 2617 937 2646 numeros
981 2601 1193 2646 adhibeat

302 2662 450 2720 magis
471 2661 742 2719 implicatos,
765 2663 888 2707 xxiv.
913 2674 1018 2721 473.

247 2722 495 2767 Christiani
527 2737 610 2766 cur
638 2737 745 2766 cum
776 2723 1010 2781 Epicureis
1043 2721 1191 2766 lenius

303 2789 457 2840 agant,
481 2782 634 2827 xxxiv.
660 2783 764 2837 685.

244 2841 517 2887 CHRISTUS
552 2842 608 2886 de
640 2857 774 2886 cruce
809 2841 1052 2895 demissus,
1095 2841 1190 2886 Ru-

303 2903 451 2947 bensii
472 2902 642 2954 tabula,
665 2902 726 2946 iii.
754 2903 826 2946 28.

247 2962 492 3015 Chromins,
516 2962 740 3007 cantilena
770 2962 825 3006 de
847 2977 914 3015 eo,
941 2938 1189 3007 Mediaevo-

302 3038 407 3066 rum
431 3023 608 3074 similis,
629 3039 733 3067 xxv.
761 3033 866 3081 507.

247 3082 574 3140 Chrysothemi-s·
597 3057 867 3140 ’Sophoclem
893 3082 1095 3127 Ismenes
1126 3082 1185 3127 si-

302 3143 470 3195 milior,
493 3143 649 3187 xxviii.
673 3141 778 3200 568.

246 3202 451 3247 Ciboram
478 3203 527 3247 in
559 3202 784 3262 Odysseia
815 3202 1073 3255 discrimen,
1098 3203 1188 3247 xiv.

304 3277 361 3321 23
364 3262 407 3307 6.

245 3322 511 3368 Cicadaram
549 3322 752 3367 subirata
793 3322 980 3374 mentio,
1019 3323 1187 3368 xxxvii.

306 3394 410 3442 743·

246 3443 400 3488 Cicero
409 3443 653 3488 teneriores
663 3457 761 3486 esse
762 3458 780 3500 J
771 3441 957 3486 ''udicat
947 3456 1188 3499 ingenuos,

299 3504 329 3548 i.
359 3517 428 3548 10.
461 3518 556 3547 non
584 3503 730 3548 multa
758 3517 864 3546 cum
889 3502 1038 3546 Poetis
1063 3516 1187 3545 com-

299 3564 459 3608 munia
479 3563 630 3615 habet,
653 3562 714 3606 iii.
738 3573 813 3620 3·.7
849 3561 905 3606 de
921 3561 1187 3606 hominibus

299 3623 411 3681 ipsis
434 3625 660 3668 malorum
685 3636 876 3666 suorum
906 3620 1186 3673 auctoribus,

299 3684 391 3728 xxi.
418 3697 523 3742 395.
559 3682 758 3727 severius
788 3697 926 3741 quam
951 3681 1097 3726 nostri
1132 3681 1187 3725 de

1059 126 1427 179 INDEX.

1349 258 1549 316 Epicuro
1580 257 1769 316 judicat,
1810 259 1962 303 xxxiii.
2002 259 2105 318 683.
2149 276 2231 306 cur

1348 317 1452 421 1618
1427 318 1669 362 Lucretio'
1659 333 1707 362 111
1724 318 2049 376 philosophicis
2072 328 2230 374 taceat,

1290 437 1517 481 Ciceronis
1549 437 1686 481 verba
1716 445 1964 496 ponuntur,
1997 439 2027 483 i.
2067 454 2135 484 10.
2168 440 2228 485 iv.

1346 511 1420 552 40,
1444 511 1517 552 42.
1552 497 1658 541 xxii.
1693 512 1798 553 415,
1832 513 1936 566 431.
1970 499 2090 543 xxiv.
2125 499 2229 558 469.

1344 558 1466 602 xxvi.
1503 568 1607 615 530,
1643 558 1747 615 538.
1781 559 1903 603 xxxi.
1937 558 2040 616 632.
2074 560 2227 604 xxxiv.

1348 616 1453 672 684,
1477 616 1582 669 686,
1606 616 1707 675 692.

1289 677 1440 721 Circes
1461 677 1726 729 ἐπεισόδιον,
1749 678 1920 722 moveri
1943 677 1998 722 de
2023 693 2077 722 eo
2105 695 2228 738 quae-

1345 737 1554 789 stionem,
1578 737 1638 781 xi.
1668 738 1767 793 184.
1800 737 2030 782 urbanum
2059 739 2228 799 aliquid

1345 812 1516 855 sapere,
1546 796 1646 841 186.

1288 857 1460 901 Civitas
1483 857 1584 910 Dei,
1607 857 1744 902 xxvii.
1769 868 1874 916 559.

1288 918 1501 1022 Claugias
1523 917 1863 977 Lotharingius,
1885 917 2050 971 Pictor,
2073 919 2226 964 xxxvi.

1378 992 1402 1021 2
1441 1012 1450 1021 .

1287 989 1505 1082 Olfiusulae
1539 1036 1798 1096 AEschyleae
1826 1053 1922 1082 rem
1957 1035 2123 1096 saepius
2157 1039 2227 1083 in-

1341 1098 1505 1142 fectam
1527 1097 1804 1156 relinquunt,
1828 1098 1934 1142 xvii.
1959 1112 2063 1157 294.

1287 1157 1506 1202 Cleandro
1528 1172 1623 1208 non
1644 1158 1793 1215 palam
1814 1158 2032 1217 gratulari
2061 1157 2226 1203 Pinda-

1342 1232 1463 1270 rum,
1486 1233 1594 1261 xxv.
1618 1230 1722 1275 510.

1285 1278 1333 1321 S.
1351 1278 1545 1322 Clemens
1554 1277 1896 1331 Alemandrinas,
1914 1278 2227 1323 testimonium

1344 1338 1441 1396 eJ'us
1465 1337 1520 1382 de
1551 1338 1824 1396 Paganismo
1856 1338 2073 1384 divinitus
2104 1338 2226 1392 dato,

1345 1399 1406 1442 xl.
1431 1398 1490 1442 80
1526 1432 1535 1441 .

1285 1413 1518 1502 Cleodami9
1529 1458 1693 1502 umbra
1721 1457 1845 1516 apud
1876 1456 2128 1503 Pindarum
2149 1474 2225 1504 ex-

1342 1519 1490 1570 citata,
1514 1534 1620 1563 xxv.
1644 1529 1746 1576 513.
1774 1517 1911 1562 xxvii.
1936 1517 2042 1576 558.

1287 1578 1608 1636 Clytemnestra
1651 1579 1964 1622 necessitatem
2010 1577 2227 1635 peccandi

1341 1646 1542 1690 excusat,
1566 1638 1687 1682 xviii.
1712 1652 1817 1696 320.
1840 1637 1931 1681 xix.
1950 1648 2055 1695 335.
2089 1638 2224 1683 etiam

1341 1699 1388 1742 in
1429 1698 1729 1756 Cho'ephoris,
1764 1712 1869 1756 321.
1904 1697 1960 1742 de
1989 1697 2227 1756 Iphigenia

1341 1758 1489 1802 occisa
1523 1758 1741 1817 queritur,
1771 1774 1846 1802 xx.
1883 1756 1987 1816 360.
2023 1757 2226 1802 Balaami

1343 1819 1519 1871 similis,
1554 1818 1658 1877 366.
1697 1818 1896 1862 infausta
1932 1818 2123 1876 auguria
2155 1833 2224 1862 ar-

1345 1879 1495 1932 cessit,
1527 1878 1631 1938 367.
1668 1877 1943 1924 conscientia
1973 1885 2225 1937 torquetur,

1344 1950 1448 1998 370,
1471 1954 1592 1997 seqq.
1627 1939 1884 2007 suspicatur
1905 1953 2004 1982 eam
2028 1937 2224 1992 Chorus,

1343 2010 1449 2058 3.71
1482 1999 1627 2058 qualis
1659 1999 1717 2043 sit
1740 1999 1789 2043 in
1817 1999 1918 2056 ipso
1951 1997 2089 2042 caedis
2119 1999 2225 2043 arti-

1344 2060 1462 2112 culo,
1481 2070 1586 2118 374.
1621 2074 1703 2103 cur
1718 2059 1766 2103 in
1779 2059 1958 2103 tumulo
1975 2066 2227 2129 exponatur

1343 2120 1440 2178 ejus
1459 2119 1662 2172 cadaver,
1686 2120 1778 2163 xxi.
1802 2133 1906 2177 391.
1940 2118 2109 2163 caedem
2127 2119 2224 2178 ejus

1340 2179 1637 2238 religionibus
1670 2179 1815 2231 leniri,
1851 2178 1954 2238 396,
1991 2193 2095 2234 402.
2135 2194 2226 2238 qua

1342 2239 1671 2298 significatione
1711 2239 1868 2284 Furias
1902 2239 2072 2292 incitet,
2115 2240 2223 2283 xxii.

1340 2314 1444 2358 419.
1496 2300 1660 2344 Manes
1693 2299 1875 2367 iniquos
1913 2298 2000 2343 sibi
2042 2273 2222 2352 f'atetur,

1339 2359 1443 2414 426.
1478 2360 1574 2418 ejus
1597 2359 1821 2404 cadaver
1810 2375 1859 2403 111
1890 2358 2115 2428 Sophocle
2142 2375 2224 2404 cur

1340 2421 1537 2464 velatum
1556 2420 1825 2477 proferatur,
1847 2419 2000 2464 xxviii.
2023 2419 2127 2478 580.

1284 2479 1401 2524 Coeci
1436 2480 1605 2524 mirum
1639 2480 1688 2524 in
1719 2479 1912 2524 modum
1948 2479 2116 2525 formas
2154 2495 2225 2525 re·

1340 2555 1445 2584 rum
1467 2547 1637 2593 tenent,
1660 2540 1750 2585 xiv.
1777 2554 1880 2596 241.

1285 2600 1475 2645 Coecitas
1518 2600 1725 2660 Homeri,
1769 2615 1861 2660 quo
1902 2606 2106 2658 tempore
2153 2599 2224 2643 in-

1341 2661 1523 2719 ceperit,
1546 2661 1637 2706 xiv.
1664 2675 1767 2716 240,
1792 2675 1895 2716 241.
2088 2680 2091 2683 ’

1284 2720 1392 2765 Caeli
1428 2721 1563 2766 facies
1600 2721 1658 2766 ab
1700 2721 1904 2766 Homero
1948 2719 2139 2777 depicta,
2177 2735 2222 2763 x.

1346 2793 1445 2849 150.
1523 2797 1624 2825 eam
1695 2781 1870 2826 inhiare
1946 2780 2223 2832 Lucretium,

1339 2841 1478 2885 xxxii.
1503 2841 1607 2897 652.
1640 2848 1743 2886 tum
1764 2848 1947 2899 propter
1968 2840 2223 2884 vastitatem

1381 2917 1452 2954 us,
1497 2901 1602 2960 653.
1647 2909 1745 2946 tum
1789 2908 1974 2970 propter
2013 2900 2223 2952 nitorem,

1339 2902 1394 3017 6j5
1370 2972 1444 3020 5.5
1482 2961 1870 3020 pulchritudinem
1905 2963 2002 3029 ejus
2036 2973 2131 3004 non
2165 2959 2223 3004 ab

1338 3021 1633 3066 Astronomia
1654 3021 1866 3080 pendere,
1888 3021 2041 3066 xxxiv.
2067 3019 2170 3088 697.

1283 3082 1550 3139 Coynomina
1578 3081 1702 3140 apud
1735 3082 2008 3133 Homerum,
2030 3080 2222 3124 rustico-

1339 3157 1442 3186 rum
1464 3157 1591 3191 more
1614 3141 1832 3194 adhiberi,
1855 3158 1899 3185 x.
1928 3140 2028 3186 161.
2066 3139 2223 3184 Phaea-

1338 3217 1460 3255 cum,
1484 3201 1594 3261 quid
1617 3202 1704 3246 sibi
1725 3202 1879 3254 velint,
1901 3201 1977 3245 Χ11.
2006 3215 2105 3268 194.

1283 3262 1487 3306 Colubris
1544 3261 1666 3320 apud
1725 3262 1969 3320 Virgilium
2030 3260 2222 3318 pictura,

1338 3322 1493 3366 xxxiii.
1518 3321 1622 3380 667.

1282 3382 1500 3426 Columboe
1551 3396 1724 3440 pennas
1782 3387 1908 3438 optat
1966 3380 2221 3431 Psalmista,

1339 3442 1430 3486 xix.
1463 3456 1574 3510 342
1623 3441 1836 3486 columba
1873 3440 2066 3498 Virgilio
2103 3455 2219 3491 cara,

1338 3502 1506 3546 xxxvii.
1524 3512 1625 3560 751.
1649 3501 1843 3560 geminae
1860 3500 1917 3545 ab
1932 3500 2081 3544 AEnea
2097 3500 2220 3552 visae,

1337 3562 1490 3606 xxxix.
1517 3573 1619 3620 793.

1280 3622 1529 3666 Communio
1551 3620 1762 3681 quaedam
1778 3620 2018 3664 hominum
2034 3634 2086 3664 ac
2107 3618 2217 3663 bru-

1335 3690 1504 3734 torum,
1528 3682 1620 3726 xix.
1646 3695 1750 3739 349.
