2288 4036
399 215 510 270 604
654 219 737 272 De
764 219 1044 288 Polyxena?
1066 219 1217 290 apud
1238 219 1559 290 Euripidem
1571 238 1815 291 persona.
1869 240 2032 276 PRAEL.
2050 242 2202 275 xxm.

398 368 693 444 spondere
739 367 1018 424 videatur
1063 367 1380 426 sententiae
1426 375 1642 427 nostrae
1688 369 1764 428 de
1807 389 2031 448 genere
2075 371 2204 448 ejus

396 467 697 524 universo.
798 465 1040 542 Quippe
1093 466 1180 524 ita
1231 466 1357 524 fere
1410 468 1774 538 statuimus3
1835 488 2087 547 regnare
2140 470 2202 527 in

396 563 559 622 illius
586 563 764 621 Poesi
794 563 1049 625 affectus
1077 563 1211 624 illos
1238 564 1342 642 qui
1375 566 1656 625 omnibus
1687 574 1828 626 sunt
1858 567 2202 638 familiareS,

395 662 565 721 nulla
608 663 939 720 admodum
984 663 1218 722 ratione
1254 663 1466 723 habita
1502 684 1712 724 eorum
1744 667 1846 743 qui
1878 666 2203 744 optimates

396 769 709 830 vocantur,
757 760 925 820 nulla
974 769 1189 833 statuS,
1235 769 1305 821 ut
1358 764 1445 822 ita
1493 765 1707 834 dicam,
1751 764 2012 824 heroici:
2073 785 2202 824 rem

396 880 701 938 quamque
747 861 910 938 exigi
959 861 1035 919 ad
1083 861 1356 939 regulam
1402 862 1773 939 quotidianae
1822 863 2001 941 hujus
2046 865 2201 934 vitae,

396 978 724 1037 sensusque
755 960 1114 1018 eommunis,
1187 959 1310 1019 Sed
1343 960 1657 1039 Polyxena
1687 961 1807 1032 illa,
1833 963 1882 1021 si
1906 982 2038 1039 quae
2068 961 2201 1031 alia,

395 1059 638 1117 videtur
668 1059 729 1116 in
761 1059 955 1135 majus
986 1078 1298 1137 assurgere
1317 1056 1343 1096 ¹¹
1369 1082 1381 1118 :
1518 1050 1522 1053 ’

760 1188 794 1234 ὦ
815 1188 895 1246 τὴν
915 1188 1022 1247 ἐμὴν
1041 1190 1287 1249 περσάντες
1305 1188 1501 1249 Ἀργεῖοι
1520 1192 1669 1243 πόλιν,

759 1263 924 1307 ἑκοῦσα
946 1262 1136 1320 θνῆσκω·
1170 1262 1229 1321 μή
1251 1282 1318 1311 τις
1337 1261 1508 1324 ἅψηται
1529 1266 1667 1324 χροὸς

760 1338 839 1381 τοῦ
858 1335 974 1393 ’μοῦ·
1007 1336 1185 1395 παρέξω
1206 1338 1292 1396 γὰρ
1316 1336 1446 1394 δέρην
1467 1338 1716 1397 εὐκαρδίως·

759 1410 999 1469 ἐλευθέραν
1020 1410 1071 1455 δέ
1089 1409 1150 1469 μ’,
1173 1412 1231 1457 ὡς
1252 1410 1463 1471 ἐλευθέρα
1485 1411 1617 1465 θάνω,

757 1484 871 1543 πρὸς
892 1484 1018 1537 θεῶν,
1039 1484 1258 1542 μεθέντες,
1281 1484 1481 1531 κτείνατ’·
1517 1486 1564 1531 ἐν
1585 1486 1779 1547 νέκροισι
1799 1488 1886 1547 γὰρ

760 1557 898 1615 δουλὴ
920 1558 1175 1616 κεκλῆσθαι,
1197 1560 1385 1612 βασιλὶς
1406 1558 1520 1613 οῧσ’,
1543 1559 1827 1620 αἰσχύνομαι.

395 1669 727 1747 Splendide
782 1690 924 1728 sane
950 1691 962 1729 :
1027 1690 1238 1729 verum
1291 1690 1551 1742 causam,
1607 1692 1832 1749 quaeSQ
1884 1672 2202 1731 attendite.

396 1768 717 1827 Nimirum
748 1770 964 1828 eadem
1003 1777 1183 1829 antea
1227 1771 1534 1841 docuerat,
1565 1772 1703 1830 ideo
1734 1791 1799 1830 se
1830 1771 1986 1831 velle
2031 1774 2203 1840 mori,

394 1871 680 1946 quoniam
713 1870 955 1929 vivendi
987 1890 1108 1928 non
1141 1880 1271 1929 erat
1302 1871 1447 1930 laeta
1477 1872 1745 1931 conditio
1766 1867 1820 1930 i:

758 2000 847 2046 οὔτ’
872 2000 1056 2047 ἐλπίδος
1076 2002 1179 2061 γὰρ,
1203 2004 1304 2047 οὔτε
1325 2021 1404 2048 του
1426 2003 1559 2061 δόξης
1580 2004 1670 2062 ὁρῶ

760 2074 926 2135 θάρσος
948 2074 1049 2135 παρ’
1073 2074 1189 2135 ἡμῖν,
1213 2078 1269 2124 ὥς
1291 2075 1389 2122 ποτ’
1413 2075 1462 2122 εὖ
1481 2077 1648 2137 πρᾶξαί
1666 2096 1721 2136 με
1740 2075 1845 2137 χρῆ.

396 2184 785 2243 Probabilem
831 2206 975 2245 sane
1021 2186 1259 2246 habetis
1290 2207 1554 2258 eausam,
1586 2188 1692 2247 sed
1723 2208 1846 2246 non
1877 2188 2028 2247 adeo
2058 2206 2203 2264 pree-

395 2283 620 2342 olaram
652 2305 722 2343 ae
754 2286 1040 2345 divinam.

480 2384 1116 2444 Animadvertendum
1156 2406 1349 2464 porr0,
1385 2386 1760 2466 Polyxenam
1794 2388 1871 2445 de
1911 2385 2208 2445 industria

394 2484 668 2561 proponi,
705 2484 1020 2562 exemplar
1064 2491 1129 2543 et
1175 2487 1482 2563 specimen
1529 2486 1784 2545 heroicae
1824 2485 1988 2544 illius
2033 2485 2209 2543 fami-

395 2581 513 2641 liae.
606 2581 774 2641 Nam
806 2582 899 2640 his
931 2602 1066 2640 eam
1098 2582 1489 2641 commendat
1521 2578 1844 2640 Chorusk:

760 2707 901 2754 δεινὸς
920 2710 1163 2767 χαρακτὴρ,
1186 2706 1437 2764 καπίσημος
1458 2705 1504 2751 ἐν
1524 2707 1721 2765 βροτοῖς,

760 2782 939 2827 ἐσθλῶν
961 2780 1184 2841 γενέσθαι,
1207 2780 1313 2826 κάπὶ
1333 2783 1481 2839 μεῖζον
1502 2781 1679 2840 ἔρχεται

759 2857 836 2913 τῆς
857 2855 1076 2914 εὐγενείας
1097 2853 1234 2912 ὄνομα
1254 2857 1403 2900 τοῖο-ιν
1423 2854 1577 2914 ἀξίοις.

398 2959 616 3019 Rarius
652 2969 861 3021 autem
899 2962 1098 3021 solent
1130 2962 1337 3021 Poetae
1368 2981 1517 3039 quas
1547 2962 1802 3039 quisque
1832 2958 2204 3018 adamaverit

396 3078 490 3118 res
521 3061 759 3120 disertis
789 3063 942 3121 adeo
981 3062 1180 3121 verbis
1217 3061 1496 3121 laudare:
1545 3061 1769 3120 sentias
1799 3066 2043 3118 tantum
2073 3058 2206 3117 ubi-

396 3178 516 3235 que
560 3160 768 3218 adesse
808 3160 968 3237 quod
1017 3180 1126 3238 per
1174 3169 1369 3219 totam
1417 3166 1626 3219 manet
1676 3157 1962 3226 indolem,
2002 3164 2204 3215 totum

397 3257 707 3317 hominem
744 3279 955 3337 sapore
987 3260 1250 3337 quodam
1296 3260 1542 3328 inficiat,
1576 3258 1679 3316 vix
1710 3266 1917 3316 tamen
1947 3274 2201 3333 usquam

396 3364 605 3434 aperte
650 3359 970 3416 monstrari
1026 3360 1232 3435 possit.
1325 3358 1578 3416 Redibit
1629 3358 1836 3433 itaque
1883 3373 1994 3424 reS,
2043 3354 2205 3412 unde

397 3457 584 3526 abiit3
630 3475 826 3533 neque
857 3465 1105 3535 propter
1137 3456 1513 3536 Polyxenam
1558 3455 1906 3535 abroganda
1937 3454 2054 3512 erit
2084 3453 2203 3543 for-

520 3657 546 3690 ¹1
568 3659 680 3704 Hee.
703 3670 807 3718 547.
1159 3658 1170 3690 ἱ
1194 3660 1307 3704 Ibid.
1334 3670 1437 3719 370.
1791 3657 1817 3688 k
1838 3657 1953 3702 Ibid.
1977 3671 2082 3716 379.
