2288 4036
207 209 363 242 PRAEL.
387 207 537 239 xxm.
615 185 931 239 Suavis-sima
956 182 1029 235 ibi
1054 182 1279 252 AEyypti
1303 180 1558 232 memoria.
1852 183 1956 234 455

206 336 467 392 locorum
515 333 886 409 pertinentia.
977 330 1200 388 Nescio
1231 348 1346 404 qua
1376 327 1690 385 dulcedine
1727 327 1962 384 exsules

205 434 330 489 istae
361 431 728 505 conjungunt
771 430 988 484 mirum
1033 426 1245 484 natalis
1286 424 1393 482 soli
1433 424 1791 481 desiderium
1822 443 1958 479 cum

203 527 398 582 animo
427 526 525 599 pio
557 530 842 600 gratoque
883 542 1000 578 non
1046 522 1236 578 solum
1284 523 1343 577 in
1389 521 1652 595 hospites
1684 517 1960 595 ArgivoS,

203 641 406 678 verum
438 622 617 678 etiam
649 621 710 675 in
740 619 943 676 littora
972 626 1033 675 et
1065 618 1261 686 colles,
1287 620 1348 675 in
1378 618 1624 674 flumina
1654 618 1959 692 ipsamque

202 720 518 795 regionem.
581 716 823 773 Norunt
848 716 1128 772 videlicet
1151 735 1394 772 avorum
1420 717 1659 772 suorum
1683 714 1957 789 patriam:

204 818 287 871 ita
341 823 556 879 tamen,
603 820 671 869 ut
723 814 1067 869 suavissimo
1119 812 1407 869 desiderio
1461 830 1692 886 semper
1737 810 1957 887 AEgyp-

204 920 331 968 tum
377 930 541 967 suam
582 917 862 985 quaerant.
951 910 1060 967 Est
1104 909 1207 966 ubi
1243 911 1408 985 justo
1454 909 1712 966 carmine
1756 907 1959 964 laudes

202 1009 327 1083 ejus
357 1015 793 1084 prosequuntur
812 1004 844 1075 i,

555 1130 728 1173 ἱκνεῖται
750 1127 802 1180 δ’,
826 1128 1116 1185 εἶσικνουμένη
1138 1128 1262 1181 βέλει

555 1204 773 1253 βουκόλου
792 1200 1059 1259 πτεροέντος,

556 1277 659 1317 Δῖον
677 1274 902 1331 πάμβοτον
919 1273 1071 1325 ἄλσος,

555 1349 742 1403 λειμῶνα
761 1348 1064 1404 χιονόβοσκον,
1088 1346 1136 1391 ὃν
1156 1346 1191 1390 τ’
1215 1346 1440 1404 ἐπέρχεται

556 1420 681 1476 τυφῶ
701 1418 839 1475 μένος,

558 1489 671 1549 ὕδωρ
693 1493 742 1535 τὸ
765 1494 928 1535 Νείλου
949 1493 1095 1537 νόσοις
1115 1491 1301 1535 ἄθικτον.

286 1604 406 1661 Sed
446 1607 642 1663 nescio
672 1626 748 1664 an
779 1607 1190 1663 vehementius
1235 1607 1572 1681 pertineant
1614 1606 1688 1663 ad
1727 1607 1954 1666 deside-

203 1702 354 1757 rium
385 1704 592 1778 patriae
623 1723 708 1771 ea,
741 1724 868 1779 quae
898 1711 1182 1778 tauquam
1219 1703 1380 1759 aliud
1418 1704 1646 1779 agendo
1675 1724 1957 1782 spargun-

202 1805 300 1854 tur
334 1799 675 1857 identidem.
766 1800 956 1859 Verbi
995 1802 1217 1877 gratia:
1264 1801 1541 1857 videntur
1577 1802 1687 1858 sibi
1734 1803 1955 1860 similes

201 1914 328 1952 esse
360 1896 625 1953 lusciniae
656 1898 979 1973 cujusdam,
1011 1897 1296 1972 plorantis
1325 1917 1443 1953 non
1475 1898 1653 1955 foetus
1696 1901 1954 1968 amissos,

201 1993 302 2048 sed
338 1991 583 2050 flumina
621 2014 689 2051 ac
736 1994 919 2051 saltus
963 1993 1300 2062 familiares,
1332 1995 1455 2050 viso
1486 1997 1783 2071 accipitre,
1814 2016 1849 2053 a
1893 2016 1954 2054 se

203 2089 550 2148 interclusos
569 2088 598 2126 k
618 2111 631 2148 :

553 2210 615 2255 ἅτ’
638 2212 722 2256 ἀπὸ
741 2217 896 2271 χωρῶν
914 2218 1117 2270 ποταμῶν
1137 2213 1172 2258 τ’
1195 2214 1419 2272 εἷργομένα

552 2284 699 2329 πενθεῖ
718 2284 813 2329 νέον
832 2283 973 2329 οἶκτον
993 2284 1142 2342 ἠθέων.

204 2386 440 2443 Novam
477 2389 751 2445 videntur
793 2389 1088 2464 appellare
1132 2391 1405 2458 naeniam,
1439 2392 1716 2465 quoniam
1764 2395 1950 2450 veteri

200 2484 274 2540 de
340 2483 438 2559 Ity
495 2483 751 2559 querelae
823 2486 1161 2561 adjungitur
1221 2487 1349 2561 jam
1420 2485 1621 2553 altera,
1689 2488 1951 2563 depulsae

201 2581 376 2636 domo
433 2600 500 2638 ac
560 2581 811 2638 sedibus
909 2581 1276 2639 Crediderim
1332 2601 1569 2657 quoque
1626 2586 1951 2659 respexisse

201 2677 545 2752 AEschylum
585 2697 776 2734 mores
816 2685 878 2734 et
914 2678 1176 2734 indolem
1220 2679 1523 2736 indefessae
1565 2681 1703 2747 aviS,
1736 2700 1950 2739 novam

201 2774 262 2828 in
318 2773 488 2830 horas
539 2774 724 2831 ferme
782 2774 1138 2831 cantilenam
1197 2775 1473 2832 texentis.
1563 2775 1683 2833 Sed
1734 2779 1947 2846 videte,

201 2889 377 2943 quam
408 2872 569 2928 suavi
599 2871 843 2928 artificio
865 2872 1054 2929 Poeta
1083 2872 1482 2930 similitudinis
1511 2872 1667 2932 illius
1689 2874 1787 2941 τὴν
1810 2873 1950 2931 ἀπό-

201 2966 353 3023 δοσιν
384 2968 676 3025 effinxerit
694 2965 709 3003 ¹
729 2988 740 3025 ε

552 3089 634 3133 τὼς
654 3089 722 3131 καὶ
743 3088 826 3146 ἐγὼ
847 3087 1111 3146 φιλοδύρτος
1129 3087 1348 3133 Ἰαονίοισι
1369 3091 1539 3146 νόμοισι

550 3161 696 3204 δάπτω
717 3161 794 3204 τὰν
813 3160 983 3205 ἀπάλαν

553 3233 789 3289 Νειλοθερῆ
810 3234 1004 3290 παρειάν,

552 3304 861 3363 ἀπειρόδακρύν
882 3324 928 3349 τε
949 3306 1136 3364 καρδίαν·

550 3377 705 3434 γόεδνα
726 3376 760 3420 δ’
783 3377 1071 3435 ἀνθεμίζομαι,

375 3552 387 3582 i
421 3553 524 3609 Sap.
547 3552 648 3609 565.
954 3553 976 3582 ¹<
1008 3553 1121 3598 [ιω.
1145 3555 1215 3612 65.
1515 3556 1528 3587 1
1559 3557 1670 3602 [ιω.
1696 3569 1765 3616 71.
