2288 4036
305 1242 895 1311 PRAELECTIO
946 1243 1436 1311 VIGESIMA.
1483 1242 1815 1311 SEXTA.

190 1696 410 1752 Virqilius,
432 1697 526 1753 ipso
549 1703 667 1749 teste,
690 1697 941 1740 Lucretium
972 1696 1120 1739 habuit
1151 1696 1416 1752 magristrum.
1478 1694 1766 1737 Annumerari
1787 1694 1935 1738 debere

241 1783 332 1810 eum
352 1769 528 1820 rustico,
550 1784 634 1812 non
656 1775 845 1820 actuoso,
869 1770 1100 1812 Poetarum
1121 1768 1282 1824 yeneri.
1345 1766 1578 1810 AEneidem
1597 1767 1776 1823 scripsit
1797 1767 1935 1810 invita

242 1839 544 1895 quodammodo
565 1841 766 1883 Minerva
781 1861 793 1882 :
828 1840 901 1896 qui
914 1840 1102 1897 primum
1122 1840 1168 1882 in
1187 1840 1282 1896 ipso
1304 1839 1453 1882 AEnea
1466 1839 1839 1894 penitussriyeat‚
1863 1838 1934 1881 de-

239 1912 338 1955 inde
357 1927 519 1969 semper
539 1914 661 1955 laetus
683 1913 909 1968 lubensque
923 1913 969 1954 in
983 1911 1165 1954 Naturae
1187 1911 1426 1968 tranquilla
1446 1924 1492 1953 se
1509 1910 1708 1966 recipiat,
1715 1915 1935 1966 postremo

239 1997 308 2025 res
329 1983 504 2025 bellicas
522 1998 567 2025 se
579 1998 764 2040 prorsus
785 1983 924 2025 odisse
943 1983 1169 2038 siynfflcet.

322 2144 420 2201 ES
471 2147 596 2220 ipsa
643 2139 856 2212 docet,'
885 2152 1017 2220 post
1071 2144 1414 2201 Lucretium
1469 2144 1756 2199 tentanda
1807 2163 1932 2200 esse

355 2240 721 2317 Virgiliana3
771 2241 1041 2316 primum,
1075 2242 1214 2314 quia
1254 2240 1536 2314 temporis
1581 2247 1642 2295 et
1686 2238 1800 2295 loci
1844 2259 1935 2296 ra-

182 2337 340 2391 tione
385 2337 650 2410 proxime
686 2337 841 2392 inter
884 2355 945 2393 se
981 2336 1436 2411 conjunguntur.
1527 2334 1744 2409 Neque
1775 2336 1931 2392 enim

181 2431 458 2487 credibile
488 2439 592 2498 est,
627 2433 750 2488 sine
780 2432 926 2487 serie
958 2431 1208 2505 quadam
1242 2438 1519 2504 certaque
1564 2430 1696 2506 lege
1740 2432 1934 2505 prodi-

180 2527 290 2582 isse
334 2527 394 2582 111
440 2527 631 2583 lucem
670 2527 920 2583 eximios
951 2544 1214 2600 quosque
1247 2524 1495 2581 Poetas:
1541 2526 1718 2581 modo
1763 2526 1931 2584 nobis

180 2621 355 2678 liceat
399 2622 736 2695 conjectura
786 2608 916 2678 eam
969 2622 1261 2697 augurari,
1307 2639 1382 2677 ex
1436 2620 1633 2694 aliqua
1679 2621 1770 2677 vel
1823 2622 1932 2677 mi-

179 2717 339 2773 nima
380 2724 563 2791 parte.
652 2717 784 2773 Nisi
821 2717 973 2773 forte
1015 2717 1165 2773 ferat
1205 2715 1415 2789 aliquis
1447 2715 1778 2782 docentem,
1808 2716 1932 2773 bel-

179 2811 366 2867 lorum
399 2813 637 2886 quidem
667 2813 878 2879 exitus,
910 2830 1234 2888 regumque
1278 2818 1340 2867 et
1384 2812 1601 2867 ducum
1649 2811 1929 2880 fortunae,

179 2907 272 2963 via
303 2914 363 2962 et
394 2908 595 2964 ordine
620 2908 950 2983 gubernari,
982 2907 1206 2963 nullam
1251 2914 1449 2963 autem
1497 2907 1786 2963 rationem
1829 2908 1933 2964 ha-

178 3000 300 3057 beri
360 3021 579 3068 eorum,
632 3004 730 3076 qui
787 3003 1024 3078 ingenio
1078 3002 1354 3075 librisque
1413 3002 1761 3076 profuerunt
1811 3022 1930 3059 non

177 3097 353 3152 modo
398 3098 668 3154 aetatibus
719 3099 855 3163 suis,
902 3117 1103 3153 verum
1151 3098 1330 3154 etiam
1376 3099 1534 3153 omni
1579 3099 1927 3172 posteritati.

180 3191 506 3248 Duris'sima
549 3211 686 3249 sane
724 3193 940 3267 opinio,
973 3201 1033 3249 et
1065 3194 1163 3248 vix
1192 3192 1483 3249 humana!
1529 3212 1706 3267 quam
1751 3195 1797 3250 si
1838 3213 1927 3251 re-

167 3286 421 3359 jicimUS,
453 3289 716 3362 sequitur
750 3288 922 3354 illico,
957 3290 1056 3344 vix
1087 3306 1256 3363 posse
1289 3288 1498 3344 deduci
1531 3289 1929 3346 commodiore

177 3381 275 3437 filo
320 3383 401 3437 rei
443 3385 686 3457 poeticae
729 3384 1087 3440 mutationes
1133 3390 1193 3439 et
1237 3384 1617 3450 incrementa,
1658 3402 1836 3457 quam
1880 3386 1928 3440 si

178 3477 306 3549 quis
350 3477 692 3551 simpliciter
736 3485 1068 3552 temporum
1102 3478 1366 3533 ordinem
1412 3484 1705 3551 sequatur.
1796 3478 1929 3546 Qua

178 3570 296 3626 fere
337 3570 586 3628 formula
626 3592 734 3628 nos
774 3572 863 3628 1151
900 3591 1115 3638 sumus,
1149 3573 1209 3626 in
1249 3571 1358 3627 hac
1390 3570 1782 3645 qualicunque
1815 3572 1928 3628 dis-
