2288 4036
361 174 472 228 816
541 174 868 246 Οονννφτθὶω
895 176 1183 229 carminum
1212 176 1422 239 similae,
1445 195 1509 229 ac
1531 177 1834 247 reliyionum
1851 200 1867 230 .·
1897 199 2059 232 PRAEL.
2081 200 2162 231 xx„

363 321 543 379 oculi.
635 319 942 399 Utrinque
991 321 1142 380 adeo
1190 320 1325 399 lege
1370 322 1629 398 quadam
1676 323 1876 381 sanxit
1909 322 2024 382 Vis
2077 343 2166 392 ea,

360 441 495 497 quae
542 430 845 498 temperat
890 421 1109 488 omnia,
1157 440 1234 478 ne
1286 422 1568 498 cuiquam
1616 422 1733 479 frui
1782 422 1992 480 liceret
2036 422 2169 499 pul-

361 521 659 579 cherrima
688 520 792 580 illa
832 521 1029 579 forma
1072 528 1135 578 et
1177 520 1330 579 facie
1363 520 1678 588 Veritatis,
1712 522 1824 580 nisi
1856 523 1958 598 qui
2004 524 2168 599 prius

361 640 495 678 eam
530 621 617 678 ita
641 621 1063 688 adamavisset,
1083 627 1153 677 ut
1180 620 1529 699 diligentius
1559 622 1960 699 indagandam
1995 630 2170 698 puta-

362 721 534 776 verit.
618 719 707 777 Ea
737 739 880 778 vero
912 719 1047 799 lege
1080 720 1181 796 qui
1212 739 1279 779 se
1310 721 1566 779 crevisse
1613 721 1864 779 senserit
1896 740 1932 778 a
1961 721 2168 797 primis

359 839 552 897 usque
582 820 770 888 annis,
803 821 1095 897 cujusque
1141 821 1201 878 in
1231 821 1446 902 'animo
1478 839 1550 878 ea
1588 822 1831 897 penitus
1863 821 2167 890 insederit,

360 920 412 977 is
452 926 620 978 certe
665 939 977 997 nunquam
1025 921 1391 988 committet,
1438 929 1508 978 ut
1554 939 1720 978 sacra
1769 919 1865 978 vel
1910 920 2168 979 Naturae

360 1016 457 1076 vel
504 1016 761 1076 Pietatis
806 1037 1024 1076 arcana
1078 1017 1370 1096 divulget,
1414 1018 1582 1076 nullo
1627 1019 2006 1078 audientium
2053 1021 2171 1078 dis-

360 1117 633 1176 crimine.
707 1115 895 1176 Malit
936 1118 1006 1186 is,
1051 1118 1248 1187 credO,
1288 1118 1657 1176 obscuritate
1693 1118 1945 1195 peccari,
1987 1139 2168 1196 quam

359 1218 618 1276 dicenda
640 1217 899 1276 tacenda
931 1218 1121 1295 promi
1150 1238 1163 1276 τ
1207 1218 1382 1277 malit
1412 1237 1476 1277 se
1508 1218 1732 1297 ingenii
1766 1218 1965 1289 laude,
1986 1238 2166 1296 quam

359 1317 624 1395 pudoris,
651 1336 875 1376 carere.

450 1416 766 1477 Postremo
815 1427 949 1477 tum
1002 1420 1065 1477 in
1122 1419 1297 1478 Poesi
1350 1428 1481 1477 tum
1537 1419 1600 1477 in
1651 1418 1970 1498 Religione
2018 1440 2170 1498 prae-

333 1517 566 1594 cipuas
611 1516 859 1596 'semper
911 1519 1022 1578 sibi
1075 1527 1276 1596 partes
1329 1519 1659 1577 vindicabit
1713 1538 1921 1578 sensus
1967 1521 2168 1579 nescio

360 1617 461 1694 qui
493 1619 760 1677 tenerior
782 1627 845 1676 et
868 1620 1063 1677 acrior
1091 1638 1291 1677 rerum
1320 1620 1782 1696 praeteritarum,
1809 1619 2166 1688 absentium,

360 1717 720 1777 futurarum.
814 1718 980 1776 Nam
1030 1719 1134 1796 qui
1185 1738 1262 1777 ex
1325 1719 1528 1777 animo
1575 1720 1702 1777 sive
1747 1726 2017 1788 cantant,
2064 1739 2169 1778 seu

362 1817 564 1876 Deum
616 1825 806 1886 orant,
855 1837 1101 1878 necesse
1154 1826 1248 1878 est
1296 1838 1535 1896 semper
1581 1827 1713 1877 toto
1774 1827 2020 1897 pectore
2073 1840 2170 1879 co-

359 1919 561 1996 gitent
620 1917 948 1995 pulchrius,
1010 1919 1220 1995 majus,
1292 1918 1612 1978 amabilius
1671 1918 1916 1997 aliquid,
1988 1916 2169 1996 quam

361 2019 524 2096 quod
574 2018 764 2076 oculis
804 2019 992 2095 possit
1039 2019 1240 2096 aspici.
1335 2018 1609 2078 Habebit
1652 2020 1861 2096 itaque
1907 2019 1999 2078 vel
2043 2020 2172 2097 ipsa

360 2119 740 2177 cantantium
803 2118 1121 2195 disciplina
1173 2119 1335 2195 quod
1395 2120 1470 2178 ad
1527 2120 1819 2178 orandum
1881 2121 2171 2196 quodam-

361 2219 543 2276 modo
593 2216 799 2276 flectat
854 2224 1038 2295 atque
1084 2225 1387 2295 praeparet
1431 2220 1698 2278 animos:
1746 2219 1928 2277 modo
1974 2239 2051 2277 ne
2092 2219 2168 2277 sit

362 2318 424 2376 in
474 2317 841 2376 carminibus
893 2318 1057 2394 quod
1102 2325 1208 2376 aut
1255 2318 1551 2397 pietatem
1597 2317 1777 2377 laedat
1824 2326 1933 2377 aut
1981 2318 2170 2377 bonos

362 2437 578 2476 mores.

450 2517 676 2575 Causas
718 2516 868 2574 mihi
916 2516 1125 2574 videor
1171 2515 1395 2574 dixisse
1437 2516 1581 2575 satis
1613 2517 1744 2593 jam
1789 2514 2034 2584 multaS,
2067 2535 2174 2574 cur

366 2617 629 2675 Poeseos
671 2635 810 2675 cum
859 2615 1182 2695 Religione
1228 2623 1415 2685 tanta,
1463 2623 1591 2674 tam
1632 2616 1811 2681 varia,
1845 2616 1964 2673 sint-
2010 2634 2173 2673 com-

364 2716 605 2785 mercia,
639 2723 709 2773 ut
746 2715 926 2774 facile
965 2716 1298 2783 credamus,
1330 2715 1498 2774 illam
1545 2734 1667 2773 non
1712 2733 1853 2772 casu
1900 2714 2001 2773 sed
2039 2713 2173 2771 Nu-

362 2816 542 2874 minis
593 2814 843 2874 consilio
903 2815 1118 2893 saepius
1177 2815 1361 2874 fuisse
1423 2813 1775 2883 adhibitam,
1831 2832 1970 2890 quae
2029 2813 2170 2871 huic

362 2915 658 2993 paulatim
688 2915 955 2973 muniret
986 2934 1056 2973 ac
1088 2922 1386 2974 sterneret
1419 2914 1595 2972 viam.
1659 2912 1950 2990 Sequitur
1979 2932 2172 2990 porr0,

363 3035 436 3073 ea
465 3035 603 3091 quae
641 3013 842 3072 solent
883 3014 1208 3092 religiones
1238 3032 1644 3091 corrumpere,
1678 3013 2006 3071 maximam
2042 3031 2174 3089 par-

363 3124 488 3173 tem
538 3134 895 3192 responsura
940 3114 1390 3192 quodammodo
1434 3113 1792 3191 corruptelis
1839 3113 2173 3171 carminum

360 3223 424 3274 et
470 3214 817 3273 Poetarum.
912 3214 1077 3273 Nam
1129 3214 1400 3274 versibus
1439 3215 1563 3272 suis
1607 3219 1714 3272 aut
1759 3212 2008 3291 indigna
2049 3212 2176 3271 lau-

360 3315 507 3373 dant
525 3313 801 3372 homines
825 3334 839 3383 ;
887 3314 990 3390 qui
1014 3334 1178 3372 error
1201 3313 1413 3372 similis
1437 3332 1567 3371 esse
1593 3313 1847 3380 videtur,
1870 3319 2052 3388 atque
2076 3331 2174 3369 eo-

358 3434 514 3484 rum,
548 3412 649 3488 qui
682 3432 789 3489 pro
824 3412 957 3471 Diis
989 3413 1218 3472 habent
1250 3420 1564 3471 terrestres
1606 3420 1668 3470 et
1713 3412 2008 3489 perituras
2042 3429 2133 3467 res
2160 3429 2172 3467 ε

360 3522 466 3572 aut
508 3513 690 3591 digna
740 3532 860 3570 non
915 3531 992 3570 ex
1042 3513 1245 3571 animo
1300 3511 1568 3579 laudant,
1611 3511 1713 3568 sed
1770 3530 1938 3567 more
1983 3509 2175 3587 magis

362 3623 424 3670 et
480 3612 806 3689 exempl03
854 3613 1015 3688 quod
1066 3633 1257 3690 genus
1312 3613 1373 3669 in
1427 3631 1489 3668 re
1536 3617 1744 3668 sancta
1789 3618 1850 3667 et
1897 3609 2175 3686 religiosa
