2288 4036
207 299 362 333 PRAEL.
385 295 549 332 xxvn.
625 275 687 327 ab
712 274 849 327 omni
863 274 1152 344 prcesertim
1178 273 1408 324 Naturae
1423 280 1596 342 parte.
1853 277 1961 330 557

205 423 382 479 etiam
412 419 514 475 ubi
548 436 769 474 numen
798 417 965 474 adest
996 415 1090 473 vel
1121 435 1238 474 non
1264 421 1540 473 vocatum
1566 434 1580 484 ;
1628 413 1795 472 velut
1827 414 1963 474 Pal-

205 517 288 575 las
318 513 763 588 Bellerophonti
784 521 841 569 ²³:

551 640 602 694 ,ἐξ
623 640 788 696 ὀνείρου
810 639 845 684 δ’
868 642 1018 683 αὔτικα

494 709 545 766 ἦν
567 710 694 768 ὕπαρ·
727 712 908 768 φωνάσε
930 710 983 762 δ’,
1007 709 1156 762 εὕδεις,
1179 709 1360 756 Αἰολίδα
1379 713 1570 764 βασιλεῦ
1583 729 1596 762 ;

493 781 571 841 ἄγε
591 783 781 841 φιλτρὸν
800 782 888 826 τόδ’
911 782 1079 827 ἵππειον
1099 782 1236 827 δέκευ.

203 892 297 950 Ex
341 910 457 966 quo
500 890 870 965 intelligitur,
916 892 1133 947 artium
1184 891 1608 958 inventoribuS‚
1650 889 1744 946 vel
1795 887 1961 947 nulla

200 986 648 1052 necessitudine,
680 985 946 1042 Deorum
978 987 1272 1061 quendam
1303 986 1428 1042 fore
1458 991 1835 1061 praesentem.

284 1082 490 1139 Nullae
535 1081 789 1156 denique
837 1101 1029 1157 neque
1079 1081 1374 1139 montium
1422 1101 1616 1157 neque
1660 1081 1958 1158 sylvarum

199 1177 558 1244 solitudineS,
582 1176 818 1233 'nullius
865 1177 1029 1234 fluvii
1077 1197 1295 1244 cursus,
1335 1177 1500 1234 nulla
1546 1177 1736 1244 litora,
1779 1176 1958 1234 nullae

198 1292 363 1352 paene
395 1273 645 1331 dixerim
677 1273 891 1330 aestivae
920 1274 1294 1349 tempestatis
1324 1292 1494 1340 aurae,
1521 1273 1624 1330 ubi
1654 1293 1774 1329 non
1804 1272 1959 1329 latu-

173 1358 309 1427 erit
348 1368 599 1424 divinior
637 1367 832 1443 aliqua
870 1375 1151 1444 potestas,
1189 1369 1569 1444 praesentiam
1609 1369 1698 1425 sui
1729 1368 1959 1426 factura

197 1483 301 1540 pro
338 1483 400 1521 re
438 1483 505 1522 ac
541 1471 827 1540 tempore.
917 1464 1135 1522 Omnia
1178 1465 1616 1540 quodammodo
1661 1464 1807 1520 foeta
1849 1483 1958 1520 nu-

197 1560 468 1616 minibus.
558 1549 719 1617 Hsnc
751 1559 1016 1621 οἰοπόλος
1058 1560 1160 1618 ille
1205 1559 1420 1626 δαίμων,
1454 1560 1554 1635 qui
1598 1558 1775 1635 gleba
1818 1560 1958 1617 data

197 1655 430 1713 cuidam
485 1653 970 1732 Argonautarum
1034 1657 1095 1712 in
1152 1675 1380 1723 manus,
1442 1655 1743 1731 Europam
1802 1655 1958 1712 inter

199 1750 565 1827 Libyamque
596 1751 792 1808 sanxit
820 1752 1112 1828 hospitale
1139 1753 1435 1827 quoddam
1466 1752 1658 1809 foedus
1687 1753 1750 1808 in
1779 1770 1956 1809 omne

196 1865 408 1904 aevum.
497 1846 659 1904 Hinc
704 1855 911 1924 stupor
952 1849 1054 1906 ille
1097 1849 1287 1924 plebis
1316 1848 1626 1916 Thessalae,
1659 1867 1797 1905 cum
1839 1849 1958 1924 pri-

196 1960 359 2001 mum
390 1944 720 2018 comparuit
751 1943 954 2012 Jason,
983 1943 1220 2002 heroica
1246 1945 1421 2020 plane
1454 1943 1644 2000 forma
1674 1939 1819 2000 virb.

369 2071 445 2113 τόν
464 2069 543 2126 μέν
563 2071 613 2114 οὐ
632 2072 890 2129 γίγνωσκον
924 2071 1185 2128 ὀπιζομένων
1206 2071 1242 2116 δ’
1264 2073 1401 2129 ἔμπας
1420 2090 1486 2118 τις
1506 2067 1623 2115 εἶπεν
1645 2070 1714 2113 καὶ
1735 2069 1849 2114 τόδε·

369 2143 461 2186 οὔτι
481 2160 566 2186 που
588 2141 713 2188 οὗτος
731 2142 976 2188 Ἀπόλλων·
1011 2143 1110 2188 οὐδὲ
1131 2144 1215 2201 μὰν
1234 2144 1542 2202 χαλκάρματός
1563 2142 1660 2188 ἐστι
1681 2143 1815 2188 πόσις

369 2212 648 2271 Ἀφροδιτάς.

197 2317 288 2374 En
317 2318 660 2393 praeclaram
690 2318 849 2376 illius
878 2319 1199 2395 imaginem
1229 2319 1527 2394 temporiS,
1555 2337 1671 2394 quo
1697 2324 1730 2349 ‘⁶
1751 2316 1953 2374 Deum

195 2414 376 2471 vitam
421 2415 788 2489 accipiebant
835 2415 1122 2483 homineS,
1161 2415 1448 2490 Divisque
1485 2413 1767 2471 videbant
1812 2412 1954 2470 Per-

193 2512 412 2567 mixtos
440 2511 647 2568 heroas
669 2511 714 2568 :'’
746 2511 1035 2586 siquidem
1065 2510 1270 2567 licebit
1293 2529 1465 2568 versu
1494 2510 1597 2567 illo
1615 2509 1951 2586 Virgiliano

193 2606 458 2682 paullum
489 2607 672 2664 abuti.

277 2702 434 2771 Quid
472 2704 630 2778 quod
667 2721 772 2760 suo
809 2722 1042 2779 quoque
1078 2710 1347 2779 tempore
1388 2704 1624 2778 suisque
1667 2703 1729 2759 in
1774 2702 1951 2760 rebus

194 2806 472 2875 agnoscat
510 2799 797 2857 Pindarus
837 2800 1126 2874 ejusmodi
1166 2819 1405 2875 operam
1449 2799 1674 2856 caelitus
1711 2817 1849 2875 erga
1889 2816 1950 2856 se

190 2901 483 2963 navatam,
528 2895 925 2970 daemonisque
966 2897 1077 2953 etsi
1118 2915 1236 2952 non
1280 2896 1397 2952 Dei
1440 2895 1774 2971 propiorem
1812 2913 1951 2950 con-

189 2991 606 3050 suetudinem?
694 2990 1108 3048 Alcmaeonem
1165 2992 1390 3067 utique,
1438 2992 1605 3066 cujus
1663 2989 1948 3047 sacellum

192 3092 318 3142 erat
335 3086 516 3160 juxta
545 3105 678 3144 suas
709 3088 878 3154 foreS,
912 3086 1022 3144 sibi
1060 3095 1272 3161 praesto
1302 3086 1481 3143 fuisse
1509 3090 1803 3143 memorat
1832 3085 1947 3142 iter

189 3183 375 3249 eunti,
406 3202 525 3239 non
554 3184 678 3240 sine
707 3184 965 3259 benigno
996 3181 1238 3239 consilio
1258 3188 1312 3239 ⁰:

658 3295 821 3353 χαίρων
841 3295 887 3339 δὲ
910 3295 978 3338 καὶ
999 3294 1127 3339 αὐτὸς

420 3367 642 3424 ’.Αλκμᾶνα
664 3367 924 3424 στεφάνοισι
944 3367 1115 3419 βάλλω,
1137 3364 1266 3423 ῥαίνω
1288 3364 1335 3408 δὲ
1357 3365 1425 3409 καὶ
1445 3363 1577 3425 ὕμνῳ,

423 3441 577 3496 γείτων
597 3437 663 3482 ὅτι
682 3456 756 3495 μοι
778 3438 844 3481 καὶ
867 3439 1050 3481 κτεάνων
1069 3436 1221 3495 φύλαξ
1242 3436 1353 3494 ἐμῶν

307 3631 325 3649 ·
359 3625 427 3670 Ol.
454 3639 522 3683 13.
545 3640 616 3684 94.
886 3626 904 3652 ¹²
925 3627 1055 3683 Pytk.
1079 3642 1121 3681 4.
1150 3637 1246 3684 151.
1508 3631 1528 3654 c
1550 3622 1661 3667 Ibid.
1686 3623 1727 3668 8.
1753 3631 1824 3681 79.
