2288 4036
137 235 293 270 PRAEL.
307 235 435 270 xxv,
506 216 754 269 Carmina
779 216 966 286 eyreqie
989 234 1023 268 a
1049 216 1287 269 Pindaro
1313 214 1543 270 laudari.
1773 219 1886 274 509

227 357 316 416 Ut
360 358 455 416 hic
498 359 821 435 regionum,
853 364 1189 433 temporum
1232 357 1374 415 alias
1414 357 1680 414 omnium
1724 375 1884 413 com-

137 453 338 510 munia
366 453 491 510 fore
522 453 831 510 confirmat
861 472 965 510 sua
994 454 1252 511 carmina
1270 462 1314 509 ⁰.

484 572 598 631 ῥῆμα
618 572 654 617 δ’
677 573 898 631 ἑργμάτων
917 575 1202 631 χρονιώτερον
1220 572 1421 626 βιοτεύει,

490 644 555 688 ὅτι
577 663 622 688 κε
643 644 725 690 σὺν
746 645 934 702 χαρίτων
954 644 1062 703 τύχᾳ

483 718 672 774 γλῶσσα
693 718 854 774 φρενὸς
874 717 1020 775 ἐξέλοι
1039 717 1231 770 βαθείας.

134 825 340 882 Tribus
370 826 561 883 verbis
591 828 826 903 egregie
864 828 1237 885 adumbravit
1268 845 1516 904 pensum
1547 845 1750 884 eorum
1781 828 1880 902 qui

134 922 374 978 carmini
404 923 714 999 pangendo
746 924 889 980 dant
920 943 1176 998 operam.
1268 923 1580 999 Principio,

659 1051 742 1095 σὺν
761 1051 950 1108 χαρίτων
970 1050 1094 1109 τύχᾳ,

127 1158 188 1215 id
211 1163 315 1225 est,
340 1158 492 1214 forte
522 1159 794 1233 quadam,
822 1178 940 1216 non
971 1160 1095 1216 sine
1124 1159 1386 1226 numine,
1406 1158 1652 1214 veniunt
1682 1157 1879 1215 subito

131 1256 192 1311 in
227 1254 451 1312 animos
490 1274 694 1311 eorum
724 1256 920 1321 verba,
952 1273 1140 1321 voceS‚
1171 1254 1487 1330 ingeniosae
1530 1254 1603 1310 ad
1645 1260 1879 1329 tempus

133 1350 430 1409 clausulae.
517 1350 752 1408 Deinde
781 1353 979 1409 nescio
1010 1370 1126 1425 quo
1170 1350 1425 1407 mirabili
1461 1368 1638 1417 neXU,
1671 1369 1879 1407 vocem

130 1467 307 1505 unam
346 1446 534 1504 semel
577 1449 880 1505 inventam
917 1448 1185 1522 sequitur
1225 1465 1346 1501 non
1382 1465 1513 1503 raro
1549 1446 1717 1522 copia
1758 1465 1879 1502 non

129 1544 305 1601 modo
354 1543 666 1601 verborum
718 1563 924 1601 verum
982 1544 1163 1600 etiam
1222 1543 1650 1610 sententiarum
1707 1542 1880 1599 uber-

130 1640 290 1707 rima,
319 1645 560 1715 pectore
591 1659 666 1697 ex
697 1640 908 1696 intimo
939 1641 1323 1715 deprompta:

478 1773 544 1819 ὅτι
565 1793 612 1818 κε
630 1777 820 1833 γλῶσσα
839 1777 1000 1834 φρενὸς
1019 1775 1163 1831 ἐξέλοι
1182 1775 1376 1829 βαθείας.

129 1889 402 1946 Profecto
445 1908 571 1945 rem
612 1909 723 1946 acu
762 1890 962 1966 tetigit
993 1890 1299 1956 PindarUS,
1332 1889 1566 1964 quando
1608 1887 1671 1944 in
1713 1888 1876 1945 illam

128 1985 440 2042 formulam
470 1987 695 2043 incidit.

210 2082 438 2139 Extant
482 2089 788 2158 praeterea,
817 2082 1030 2158 quibus
1061 2082 1318 2139 breviter
1346 2082 1450 2138 sed
1478 2087 1653 2138 acute
1683 2081 1876 2148 docet,

126 2197 250 2235 rem
297 2178 406 2235 sibi
457 2197 583 2236 esse
634 2198 770 2235 cum
826 2179 896 2236 iis
946 2179 1302 2246 hominibus,
1350 2179 1449 2253 qui
1502 2197 1701 2235 carum
1751 2197 1876 2252 prae

127 2274 353 2331 caeteris
402 2273 659 2330 habeant
711 2293 848 2331 eum
892 2274 1177 2331 honorem
1222 2275 1322 2348 qui
1367 2274 1530 2330 venit
1574 2293 1612 2330 a
1655 2272 1873 2330 Poetis,

129 2351 456 2436 Videtisne,
489 2369 766 2426 Phalarin
807 2389 922 2444 qua
964 2370 1136 2427 feriat
1178 2389 1368 2444 poena,
1405 2369 1571 2426 velut
1610 2369 1875 2426 omnium

119 2464 495 2522 acerbissima
516 2464 580 2521 ⁰?

475 2577 525 2619 οὐ
545 2576 690 2634 φθίνει
712 2576 906 2633 Κροίσου
927 2576 1163 2634 φιλόφρων
1178 2575 1327 2634 ἀρετά·

474 2649 550 2692 τὸν
569 2649 616 2692 δὲ
638 2648 779 2708 ταύρῳ
799 2647 971 2706 χαλκέῳ
995 2650 1194 2704 καυτῆρα,
1218 2647 1347 2703 νηλέα
1367 2649 1480 2699 νόον,

470 2720 610 2778 νἐχθρὰ
631 2722 822 2778 Φάλαριν
841 2720 1011 2778 κατέχει
1030 2723 1168 2764 παντᾶ
1188 2721 1332 2779 φατι-ς·

473 2792 576 2835 οὐδέ
592 2811 665 2849 μιν
685 2793 929 2851 φόρμιγγες
948 2793 1194 2850 ὑπωρόφιαι
1216 2792 1434 2836 κοινωνίαν

472 2863 696 2919 μαλθακὰν
715 2864 878 2908 παίδων
899 2864 1072 2921 ὀάροισι
1092 2863 1300 2909 δέκονται.

126 2975 299 3044 Illud,
327 2977 657 3056 ὑπωρόφιαι,
694 2985 930 3036 tantum
973 2998 1092 3035 non
1135 2978 1319 3035 oculis
1364 2978 1631 3054 depingit
1673 2978 1869 3037 aulam

125 3072 372 3140 victoris,
410 3073 679 3132 solennes
723 3074 943 3150 epulaS‚
986 3074 1441 3131 citharoedorum
1485 3075 1751 3132 ordinem
1791 3077 1869 3133 de

124 3164 252 3223 loco
282 3169 577 3244 superiore
607 3171 990 3228 cantantium.

128 3309 135 3316 .
205 3261 377 3330 Quid,
425 3282 541 3338 quo
588 3271 759 3322 ornat
815 3265 1111 3341 praeconio
1161 3263 1442 3340 Pythicos
1498 3264 1748 3340 hymnos
1804 3266 1866 3321 in

354 3455 373 3473 ¹¹
404 3450 525 3496 Nem.
549 3467 592 3505 4.
619 3466 686 3496 11.
1259 3459 1283 3482 ⁰
1305 3453 1436 3508 Pytk.
1465 3467 1502 3496 1.
1529 3452 1626 3506 184.
