2288 4036
173 169 330 203 PRAEL.
350 169 482 202 xxn.
561 149 701 214 Quid
721 148 891 201 valeat
913 147 1020 217 ejus
1044 165 1156 199 cum
1182 147 1368 199 Furiis
1392 146 1702 217 disceptatio.
1818 149 1922 200 425

176 291 484 360 οἰκονομίαι
543 310 662 350 non
709 298 910 348 tamen
955 290 1090 347 ideo
1135 289 1466 366 putandum
1511 289 1774 346 deminui
1819 288 1925 346 ali-

180 390 320 464 quid
372 389 445 445 de
496 387 737 446 consilio
796 387 1013 455 Poetae,
1066 407 1182 462 quo
1239 386 1341 444 ille
1397 393 1612 444 aestum
1664 386 1928 443 turbam-

175 504 289 561 que
341 504 537 553 rerum
593 484 983 541 humanarum
1041 484 1442 560 repraesentari
1493 482 1699 550 voluit,
1747 483 1928 540 dubia

174 581 366 640 adhuc
406 589 467 639 et
507 582 753 639 obscura
795 581 926 658 lege
965 582 1176 638 divinae
1218 581 1676 658 gubernationis
1766 580 1928 648 Quin

173 681 368 756 potius
400 679 599 736 decuit
629 697 927 739 summum
957 679 1260 746 artificem,
1285 678 1539 754 arripere
1569 679 1927 736 sententiam

172 778 333 852 prius
367 775 545 852 vulgo
589 782 906 851 receptam,
937 782 999 833 et
1044 776 1117 833 ad
1158 795 1297 833 usus
1341 794 1476 832 suos
1521 794 1763 850 suaeque
1800 775 1929 851 phi-

171 872 454 949 losophiae
511 873 761 930 trahere.
871 871 1077 948 Atque
1135 892 1266 930 eam
1327 871 1565 948 quidem
1631 891 1758 929 rem
1820 891 1927 930 nos

170 975 345 1025 antea
384 970 513 1045 jam
563 969 885 1047 tetigimUS,
934 989 1051 1044 quo
1098 977 1367 1045 tempore
1415 969 1784 1045 disputatum
1836 977 1928 1027 est

173 1066 248 1122 de
289 1064 648 1123 Prometheo
685 1065 930 1124 VinctO.
1021 1065 1182 1123 Nam
1228 1065 1382 1122 sicut
1424 1066 1506 1122 ibi
1545 1065 1929 1124 dubitabatur

171 1162 245 1219 de
276 1162 543 1219 bonitate
581 1164 838 1238 supremi
874 1162 1164 1231 Rectoris,
1193 1169 1436 1238 propter
1476 1161 1634 1220 mala
1662 1182 1797 1238 quae
1827 1183 1928 1220 vo-

171 1266 308 1316 cant
336 1258 659 1327 naturalia3
703 1261 790 1316 ita
819 1265 880 1316 et
910 1259 1006 1316 hic
1037 1278 1156 1315 non
1179 1258 1438 1327 defuere,
1458 1259 1558 1334 qui
1586 1259 1927 1334 aequitatem

169 1356 295 1430 ejus
345 1363 667 1432 carperent,
720 1363 960 1432 propter
1017 1354 1296 1431 ambigua
1351 1355 1661 1411 hominum
1719 1353 1926 1423 officia,

167 1454 527 1529 praemiaque
557 1460 619 1510 et
647 1471 849 1529 poenas
877 1472 998 1509 non
1027 1458 1190 1509 certa
1219 1451 1351 1529 lege
1382 1459 1638 1510 exactas.
1708 1451 1927 1528 Neque

167 1569 305 1607 vero
340 1570 457 1608 non
495 1551 655 1608 omni
698 1558 982 1626 tempore,
1014 1550 1267 1607 demissa
1298 1550 1427 1625 jam
1468 1550 1542 1607 de
1588 1550 1730 1607 caelo
1774 1550 1926 1619 luce,

165 1634 497 1705 extiterunt
526 1648 625 1722 qui
656 1648 778 1704 sive
808 1646 1247 1704 misericordem
1288 1665 1392 1704 seu
1422 1647 1717 1704 vindicem
1748 1667 1928 1724 nega-

164 1751 297 1800 rent
327 1763 453 1801 esse
484 1743 719 1812 Deum;
764 1743 859 1801 vel
898 1743 974 1800 ob
1011 1744 1302 1800 severiora
1330 1742 1601 1802 Judaicae
1638 1744 1784 1821 legis
1824 1745 1926 1801 do-

167 1848 461 1906 cumenta,
483 1840 576 1898 vel
606 1847 848 1916 propter
876 1839 1308 1917 indulgentiam
1335 1859 1483 1908 eam,
1505 1860 1682 1916 quam
1713 1860 1837 1916 prae
1865 1861 1926 1898 se

165 1938 280 1994 fert
311 1938 572 2013 perfecta
600 1957 668 1995 ac
699 1957 837 1995 vera
865 1937 1091 2014 religio·
1161 1937 1475 2014 AEschylus
1506 1938 1707 2014 igitur,
1739 1945 1926 1996 trans-

164 2036 286 2093 lata
313 2035 424 2093 hac
455 2035 560 2092 lite
597 2035 670 2092 de
710 2034 947 2092 familiis
992 2034 1535 2111 philosophantium
1565 2035 1627 2091 in
1657 2035 1924 2092 Deorum

164 2132 412 2190 concilia
454 2139 516 2188 et
560 2138 763 2198 coetuS,
800 2129 991 2187 voluit
1033 2129 1380 2206 Apollinem
1425 2149 1562 2186 cum
1604 2129 1735 2188 Diis
1763 2132 1927 2206 juni-

165 2230 361 2287 oribus
391 2230 688 2305 specimen
719 2229 842 2285 fore
873 2227 1110 2285 lenioris
1140 2226 1297 2284 illius
1328 2228 1654 2285 sententiae.
1745 2228 1926 2285 Unde

164 2328 345 2384 etiam
389 2327 497 2384 sub
540 2327 718 2402 adyto
758 2326 882 2400 ejus
922 2324 1018 2381 vel
1065 2325 1211 2400 ipsae
1251 2342 1485 2398 quoque
1529 2324 1724 2381 Furiae
1771 2325 1926 2382 mul-

162 2431 372 2481 centur
399 2424 472 2480 ad
499 2430 751 2499 tempus
775 2422 1108 2496 fruiturque
1139 2419 1436 2496 paulisper
1459 2421 1702 2478 Orestes
1723 2422 1924 2496 quieta

161 2520 431 2587 statione,
452 2519 631 2594 juxta
659 2517 1005 2594 religionem
1035 2517 1116 2592 pii
1148 2517 1454 2590 sanctique
1479 2515 1591 2573 loci
1617 2516 1668 2573 t:

516 2634 584 2678 καὶ
605 2636 679 2677 νῦν
697 2631 891 2677 ἁλούσας
910 2631 1046 2676 τάσδε
1066 2632 1142 2677 τὰς
1161 2632 1353 2690 μάργους
1374 2632 1478 2688 ὁρᾷς

516 2704 646 2766 ὕπνῳ·
678 2708 863 2750 πονοῦσι
884 2703 920 2748 δ’
944 2705 986 2747 αἱ
1008 2705 1299 2750 κατάπτυστοι
1320 2701 1454 2761 κόραι.

166 2803 349 2860 Porro
400 2802 720 2878 expendite
766 2801 946 2858 verba
988 2799 1302 2876 Apollinis,
1354 2820 1473 2857 non
1532 2801 1775 2859 ferentis
1825 2821 1921 2859 ea-

165 2919 295 2956 rum
325 2907 629 2974 aspectum
649 2906 698 2966 ¹¹,

516 3013 615 3070 ἔξω,
638 3011 811 3066 κελεύω,
834 3014 967 3059 τῶνδε
988 3014 1193 3071 δωμάτων
1212 3014 1345 3072 τάχος

513 3085 699 3145 χωρεῖτ’,
720 3086 1067 3131 ἀπαλλάσσεσθε
1086 3091 1296 3143 μαντικῶν
1316 3090 1480 3145 μυχῶν.
1497 3120 1508 3131 .
1529 3119 1538 3130 .
1557 3121 1567 3131 .

516 3163 632 3204 οὔτοι
654 3160 828 3217 δόμοισι
848 3161 998 3204 τοῖσδε
1017 3159 1312 3218 χρίμπτεσθαι
1332 3159 1502 3218 πρέπει·

515 3231 614 3276 ἀλλ’
637 3232 687 3276 οὗ
708 3235 1014 3290 καρανιστῆρες
1034 3231 1379 3290 ὀφθαλμωρύχοι

512 3305 639 3356 δίκαι,
662 3305 835 3363 σφαγαί
855 3323 915 3357 τε,
938 3305 1186 3362 σπέρματος
1205 3304 1240 3349 τ’
1263 3305 1499 3363 ἀποφθορὰ

512 3384 689 3436 παιδῶν,
712 3382 814 3439 κακή
836 3403 882 3427 τε
903 3383 1095 3441 χλούνις,
1118 3383 1180 3440 ἥδ’
1203 3383 1402 3442 ἀκρωνία,
1481 3426 1483 3429 .

398 3515 410 3537 ‘
438 3513 566 3557 Eum.
588 3513 659 3570 67.
1385 3520 1411 3543 ¹²
1441 3511 1553 3556 Ibid.
1580 3521 1676 3569 179.
