2288 4036
258 205 368 263 706
592 206 869 260 Severiora
894 203 1138 274 quoedam
1162 201 1310 272 apud
1333 201 1653 254 Lucretium.
1720 217 2057 251 PRAELXXXV.

505 349 619 393 Tres
641 348 812 407 species
833 354 929 391 tam
952 346 1208 398 dissimiles,
1230 345 1316 389 tria
1336 345 1439 389 talia
1461 351 1597 396 texta,

507 420 616 465 Una
637 419 733 464 dies
755 418 882 463 dabit
902 419 1038 463 exitio
1054 436 1068 471 3
1101 418 1360 476 multosque
1382 431 1462 475 per
1482 431 1627 460 annos

508 493 771 538 Sustentata
789 499 891 537 ruet
911 492 1069 544 moles,
1092 506 1143 535 ac
1164 490 1376 535 machina
1394 489 1572 534 mundi.

353 595 575 672 Neque
628 613 770 652 vero
820 594 882 651 id
935 592 1085 650 nihil
1135 593 1210 650 ad
1263 592 1554 668 pietatem
1607 591 1848 660 attinet,
1902 591 2062 667 quod

263 715 299 753 a
330 693 560 772 vulgari
600 694 738 750 vitae
782 699 1011 759 tenore,
1057 691 1134 748 ab
1179 691 1371 765 iisque
1414 689 1612 757 rebus,
1654 709 1791 764 quae
1837 688 2061 765 populo

264 799 406 849 sunt
454 791 516 847 in
570 790 818 859 deliciis,
873 789 1117 866 penitus
1165 787 1544 845 abducantur
1601 795 1783 863 atque
1836 787 2065 844 abstra-

263 890 488 949 hantur
517 890 702 948 animi
719 891 784 944 ¹²(

508 1007 551 1052 O
575 1007 762 1051 miseras
783 1006 1027 1051 hominum
1048 1010 1248 1050 mentes!
1282 1005 1324 1049 O
1348 1011 1529 1063 pectora
1550 1009 1697 1049 coeca!

508 1081 735 1130 Qualibus
757 1081 805 1125 in
827 1080 1024 1125 tenebris
1047 1081 1166 1132 vitae,
1189 1079 1461 1139 quantisque
1482 1078 1658 1137 periclis

506 1155 702 1214 Degitur
721 1154 810 1199 hoc
832 1154 916 1200 aevi
938 1154 1245 1214 quodcunque
1266 1157 1360 1198 est!

349 1261 590 1319 Deinde
621 1267 756 1337 post
786 1259 990 1337 paullo
1009 1268 1054 1327 X,

510 1375 649 1425 Quod
672 1376 710 1421 si
731 1376 923 1421 ridicula
942 1376 1056 1430 haec,
1079 1376 1365 1436 ludibriaque
1387 1392 1485 1421 esse
1506 1377 1730 1429 videmuS,

504 1449 766 1508 Reveraque
786 1457 937 1494 metus
958 1449 1215 1502 hominum,
1238 1465 1449 1510 curaeque
1471 1466 1700 1511 sequaces,

503 1523 602 1568 Nec
624 1530 836 1568 metuunt
859 1524 1036 1568 sonitus
1058 1538 1306 1577 armorum,
1329 1540 1413 1569 nec
1434 1525 1528 1569 fera
1548 1526 1651 1578 tela,

502 1596 823 1656 Audacterque
843 1597 962 1641 inter
982 1612 1111 1655 reges
1133 1613 1376 1656 rerumque
1397 1606 1603 1656 potentes

502 1671 772 1723 Versantur,
795 1685 944 1729 neque
964 1670 1190 1729 fulgorem
1212 1660 1474 1716 reverentur
1495 1672 1552 1717 ab
1574 1687 1700 1726 auro,

504 1744 602 1789 Nec
625 1745 800 1788 clarum
820 1744 958 1789 vestis
983 1743 1270 1802 splendorem
1292 1746 1549 1804 purpureai,

507 1818 634 1867 Quid
657 1818 855 1871 dubitas,
880 1819 991 1878 quin
1013 1833 1148 1863 omne
1171 1819 1230 1863 sit
1250 1818 1338 1870 hoc
1360 1819 1548 1864 rationis
1570 1824 1776 1879 egestas?

507 1891 673 1937 Omnis
696 1907 802 1937 cum
823 1893 872 1936 in
892 1892 1090 1937 tenebris
1112 1893 1364 1950 praesertim
1384 1893 1478 1938 vita
1496 1893 1686 1938 laboret.

269 1997 514 2067 Videte,
562 2017 638 2054 an
699 1997 859 2074 apud
913 2016 1259 2073 quenquam
1320 1997 1685 2054 severiorum
1746 1997 2066 2055 inveniatis

261 2097 423 2172 quod
465 2103 710 2154 tenuem
760 2096 1003 2165 victum,
1047 2097 1437 2173 animumque
1482 2116 1664 2172 parvo
1706 2103 2061 2155 contentum

261 2196 453 2272 magis
485 2196 890 2253 commendet.

347 2292 466 2351 His
501 2295 753 2360 aceedit,
787 2295 948 2370 quod
980 2293 1168 2350 semel
1209 2300 1392 2369 atque
1430 2294 1651 2350 iterum
1685 2312 1822 2350 cum
1855 2293 2065 2370 volup-

261 2398 391 2450 tate
418 2392 678 2469 quadam
709 2391 987 2469 indulget
1016 2392 1179 2449 idem
1213 2392 1506 2449 desiderio
1540 2393 1740 2450 nescio
1771 2393 1868 2450 cui
1901 2393 2063 2451 beati

262 2490 519 2567 purique
551 2489 788 2547 aetheris
810 2507 824 2547 ε

503 2613 705 2671 Apparet
728 2613 903 2658 Divum
924 2629 1111 2666 numen,
1136 2613 1355 2673 sedesque
1377 2614 1554 2674 quietae.

266 2716 476 2794 Atque
519 2718 702 2775 etiam
750 2718 810 2774 in
850 2718 1111 2793 quodam
1150 2737 1321 2775 versu
1365 2719 1523 2796 apud
1567 2740 1706 2778 eum
1754 2721 2068 2779 nominan-

266 2823 408 2872 tury

269 2890 271 2892 -
509 2916 655 2969 Luna,
679 2916 789 2971 dies,
813 2926 858 2963 et
878 2934 985 2972 nox,
1010 2926 1053 2963 et
1075 2919 1223 2964 noctis
1246 2919 1377 2979 signa
1396 2935 1561 2965 severa.

264 3021 484 3082 Severa
528 3029 736 3081 autem
782 3044 890 3097 cur
931 3032 1106 3083 vocet
1153 3034 1331 3095 astra,
1379 3046 1498 3083 non
1545 3027 1825 3103 equidem
1872 3028 2066 3098 vide0‚

267 3122 379 3178 nisi
429 3121 716 3197 quoniam
770 3140 980 3180 eorum
1034 3131 1282 3200 aspectu
1335 3132 1711 3182 contremere
1764 3125 1954 3184 soleat
2006 3136 2068 3185 et

267 3218 412 3294 ipse,
444 3219 612 3294 quasi
644 3239 847 3277 coram
878 3221 1036 3279 adsit
1067 3223 1155 3279 vis
1187 3221 1460 3298 quaedam
1491 3222 1682 3298 major
1710 3222 1990 3283 humana.

355 3316 595 3375 Deinde
627 3319 972 3377 conferatur
1005 3320 1273 3378 Lucretii
1305 3321 1556 3398 pictura,
1582 3340 1700 3397 qua
1729 3321 1935 3380 laudat
1965 3321 2070 3380 ille
2139 3337 2143 3341 ·

267 3415 365 3473 vel
413 3435 514 3473 rus
554 3417 830 3492 quietum
879 3418 973 3476 vel
1020 3419 1364 3496 tranquillae
1416 3419 1808 3497 philosophiae
1854 3422 2067 3490 otium,

478 3616 505 3639 u
538 3608 672 3652 Lucr.
700 3621 741 3653 2.
770 3623 838 3665 14.
1085 3618 1109 3640 ¹
1131 3625 1172 3655 2.
1197 3611 1271 3666 46.
1591 3621 1615 3652 Y
1637 3624 1680 3671 5.
1709 3614 1839 3671 1189.

2247 3156 2285 3416 :avet
2255 3046 2262 3065 ⁹
