2288 4036
168 292 322 329 PRAEL.
345 291 490 327 xxlx.
611 274 836 339 Quattuor
859 270 916 324 in
941 289 1050 324 eum
1077 270 1299 324 <trintina¹
1322 269 1528 340 inferri.
1804 271 1915 323 585

170 420 363 476 nescio
394 417 687 493 quomodo
717 422 1039 492 auguratus
1067 433 1195 473 sum
1226 414 1472 471 minime
1502 429 1638 470 cum
1682 412 1752 470 iis
1788 413 1915 471 fore

170 513 590 581 collocandum,
620 514 719 588 qui
750 511 858 569 sibi
890 530 1022 569 suos
1053 512 1247 568 fontes
1277 510 1580 585 explorare
1625 510 1741 566 sint
1771 510 1916 567 ausi.

171 612 369 680 Quum
413 618 629 677 autem,
658 607 964 666 illustratis
994 616 1062 665 ut
1091 608 1256 684 potui
1290 606 1652 683 SophocleiS,
1683 606 1919 682 Euripi-

170 708 304 765 dem
347 708 584 783 propius
627 707 841 762 intueri
888 706 1208 780 coepissem,
1246 703 1437 760 multa
1474 703 1672 760 statim
1716 721 1921 783 occur·-

168 822 309 872 rere,
330 822 464 879 quae
495 802 834 878 scrupulum
864 803 1190 876 injicerent,
1221 819 1413 875 neque
1443 800 1616 857 facile
1645 807 1922 875 pateren-

168 908 267 957 tur
309 901 497 956 virum
542 900 688 955 adeo
733 895 1036 955 laudatum
1082 897 1156 953 de
1201 898 1386 973 gradu
1431 915 1536 953 suo
1582 895 1918 953 detrudere.

171 996 364 1054 Immo
410 1014 564 1063 ver0,
616 995 773 1070 quod
826 995 979 1051 foret
1025 994 1209 1051 instar
1255 993 1539 1058 omnium,
1592 993 1790 1050 nescio
1841 1011 1916 1050 an

169 1092 417 1148 dixerim
475 1092 702 1148 venisse
759 1090 903 1147 mihi
964 1092 1024 1146 in
1083 1097 1347 1146 mentem
1401 1089 1567 1163 quasi
1621 1089 1916 1163 quoddam

169 1195 344 1264 caput
375 1199 436 1244 et
466 1188 749 1265 originem
781 1187 907 1262 ejus
940 1186 1209 1253 PoeseOS‚
1241 1203 1344 1242 seu
1390 1185 1584 1260 potius
1620 1183 1785 1241 filum
1819 1204 1920 1242 vo-

169 1304 280 1352 ceS,
322 1305 436 1360 quo
484 1284 850 1341 deducantur
888 1282 997 1340 etsi
1041 1300 1157 1339 non
1207 1282 1420 1348 omnia,
1466 1287 1528 1337 at
1577 1300 1647 1338 ea
1697 1289 1920 1350 tamen,

170 1401 302 1456 quae
355 1400 474 1457 prae
523 1381 752 1440 caeteris
797 1379 1074 1455 praeclara
1114 1398 1181 1434 ac
1227 1377 1425 1434 divina
1466 1377 1663 1435 habet.
1759 1378 1918 1446 Quid

169 1475 396 1534 multa?
437 1476 684 1544 decrevi,
709 1477 832 1533 fore
863 1476 1107 1532 fortasse
1138 1493 1332 1549 operae
1363 1475 1637 1549 pretium,
1661 1475 1922 1531 rationes

171 1573 226 1628 in
260 1579 569 1647 utramque
598 1580 826 1648 partem
857 1572 1115 1628 breviter
1142 1571 1536 1646 expendenti:
1582 1571 1759 1627 modo
1788 1590 1924 1646 pos-

171 1668 276 1725 sim
315 1687 385 1724 ea
422 1666 636 1724 Latino
676 1687 943 1726 sermone
983 1668 1244 1742 exsequi,
1276 1685 1410 1743 quae
1454 1673 1657 1723 mente
1697 1667 1922 1724 animo-

171 1784 285 1840 que
315 1764 513 1821 videre
542 1764 687 1821 mihi
718 1765 935 1821 videor.
1024 1763 1113 1821 Ut
1142 1763 1290 1820 nihil
1319 1763 1495 1830 aliud,
1521 1762 1667 1819 illud
1698 1770 1920 1830 tamen,

171 1861 257 1917 uti
289 1880 472 1936 sper0,
503 1862 909 1936 proficiemus3
955 1869 1279 1928 occurrent,
1312 1860 1412 1935 qui
1453 1859 1565 1916 loci
1596 1859 1788 1917 solent
1818 1861 1922 1917 do-

171 1957 378 2013 minari
407 1957 468 2012 in
499 1958 782 2032 ejusmodi
808 1958 1168 2033 quaestione3
1210 1965 1339 2013 tuin
1364 1975 1495 2031 quae
1522 1956 1772 2013 virtutes
1794 1956 1925 2031 qui-

171 2054 280 2111 bus
316 2054 471 2110 vitiis
511 2055 787 2131 conjungi
831 2055 1056 2130 possint
1099 2055 1161 2110 in
1204 2055 1415 2111 eodem
1459 2053 1774 2128 scriptore3
1821 2053 1924 2109 de-

171 2152 307 2208 inde
350 2171 526 2226 quam
577 2172 784 2227 parum
836 2153 1062 2220 deceat,
1104 2152 1418 2208 decernere
1468 2150 1688 2224 aliquid
1736 2151 1924 2224 impe-

172 2248 392 2315 riosiUS,
423 2267 594 2304 causa
624 2255 747 2305 tam
776 2249 1038 2323 ancipiti,
1060 2243 1311 2323 *tamque
1342 2246 1562 2303 subtili.

256 2344 375 2401 Sed
418 2345 491 2401 ad
535 2364 660 2401 rem
706 2344 1025 2401 veniamus.
1114 2344 1443 2420 Pervagata
1486 2350 1624 2399 sunt
1668 2362 1741 2399 ac
1781 2342 1924 2399 trita

173 2439 359 2505 valde,
404 2447 645 2515 propter
687 2460 816 2515 quae
866 2440 1022 2496 male
1072 2440 1238 2496 audit
1286 2439 1614 2514 Euripides,
1702 2438 1922 2505 Primo,

174 2536 330 2610 quod
361 2537 560 2612 inepte
591 2555 665 2592 ne
698 2536 888 2593 dicam
925 2537 1132 2611 putide
1162 2535 1380 2592 teneris
1411 2536 1591 2591 etiam
1621 2537 1927 2611 magnisve

174 2632 233 2687 in
263 2633 435 2689 rebus
465 2632 651 2689 soleat
681 2651 837 2689 nunc
866 2633 1084 2709 garrire
1114 2651 1271 2688 nunc
1301 2630 1714 2706 philosophari.
1802 2632 1929 2688 De-

175 2728 310 2785 inde
341 2729 498 2803 quod
527 2730 588 2784 in
619 2729 880 2786 Choricis
924 2730 1243 2804 praesertim
1280 2728 1613 2810 languidior
1639 2729 1716 2785 sit
1746 2730 1930 2784 inter-

177 2825 317 2880 dum
361 2843 429 2880 ac
462 2824 735 2898 jejunior.
821 2824 969 2880 Turn
1005 2826 1160 2898 quod
1200 2825 1558 2881 immanibus
1595 2844 1765 2899 paene
1795 2844 1931 2899 pro-

176 2919 293 2976 bris
349 2921 674 2976 insectetur
727 2920 1042 2995 aliquando
1098 2940 1283 2997 genus
1336 2941 1510 2977 omne
1562 2922 1928 2977 foemineum.

179 3014 499 3083 PostremO,
530 3015 690 3090 loqui
735 3036 872 3073 eum
916 3018 1083 3073 aiunt
1127 3017 1365 3074 liberius
1403 3019 1476 3074 de
1514 3017 1644 3074 Diis
1687 3019 1926 3073 immor-

179 3111 409 3180 talibus,
447 3113 638 3187 deque
682 3114 840 3168 omni
881 3113 1231 3189 religionum
1278 3133 1509 3189 genere,
1555 3121 1735 3188 atque
1779 3114 1929 3170 adeo

179 3227 420 3283 peccare
471 3208 783 3284 aliquando
840 3210 900 3265 in
955 3210 1259 3284 pietatem.
1346 3210 1612 3278 Quorum
1662 3210 1928 3266 omnium

181 3322 251 3361 ea
278 3306 364 3361 vis
399 3311 505 3372 est,
541 3313 610 3361 ut
654 3307 751 3361 vix
791 3306 1069 3362 credibile
1113 3308 1189 3363 sit
1232 3307 1417 3381 abripi
1461 3326 1745 3383 generoso
1784 3325 1930 3380 quo-

183 3399 317 3455 dam
346 3400 571 3475 impetu
604 3408 665 3457 et
696 3421 830 3457 vere
860 3403 1113 3476 poetice,
1144 3403 1241 3477 qui
1275 3403 1604 3459 istiusmodi
1637 3402 1824 3477 culpis
1855 3402 1933 3458 sit

186 3494 489 3552 obnoxius.
