2288 4036
314 195 427 252 5⁴76
488 196 756 269 Sophocles
781 215 876 250 cur
898 198 1025 251 adeo
1040 198 1304 269 plerisque
1327 216 1378 250 se
1392 198 1710 270 probaverit.
1751 220 1914 256 PRAEL.
1933 223 2128 259 xxvm.

399 342 552 402 Haec
583 351 653 401 et¹
677 344 900 411 nativa,
933 351 995 401 et
1029 345 1193 402 omni
1236 344 1427 404 melle·
1451 346 1738 417 dulciora,
1772 350 1906 425 quis
1944 369 2128 427 nega-

309 442 444 502 bit?
493 450 556 501 at
589 462 802 500 vereor
842 442 1134 520 profect0‚
1180 462 1258 501 ne
1304 445 1543 521 parcius
1587 445 1850 524 inspergi
1884 447 2127 507 videan-

311 550 413 600 tur
458 540 816 618 Sophocleis
873 540 1260 610 carminibuS‚
1313 561 1495 619 quam
1549 551 1620 602 ut
1672 563 1751 603 ex
1812 546 1883 604 iis
1935 548 2127 623 speci-

309 659 453 698 men
485 637 749 697 Poeseos
784 639 916 715 ejus
957 639 1252 698 universae
1282 647 1450 699 recte
1482 642 1772 718 capiatur.
1863 643 1987 714 Qui
2035 651 2127 704 ta-

307 757 451 796 men
497 738 611 796 nisi
657 736 1072 795 consenuisset
1122 736 1185 793 in
1238 736 1469 796 urbana
1513 745 1577 797 et
1622 739 1934 799 umbratili
1983 742 2123 810 vita,

305 836 503 914 qualis
539 855 671 894 esse
702 834 914 894 debuit
944 833 1215 894 Athenis
1259 834 1738 912 splendidiorum
1784 838 2122 910 hominum,

309 934 506 993 multo
539 933 900 1000 uberiorem,
926 934 1126 1000 crede,
1157 933 1331 991 nobis
1365 934 1664 1010 praeberet
1696 955 1774 994 ex
1806 936 1918 995 hac
1949 946 2122 1015 parte

304 1032 730 1111 exemplorum
777 1032 1138 1091 materiem:
1193 1033 1463 1092 maxime
1499 1033 1660 1110 quia,
1704 1035 1758 1093 si
1797 1035 1945 1094 fides
1990 1056 2124 1096 nar-

306 1133 597 1200 rantibuS‚
648 1137 779 1190 erat
831 1130 996 1190 idem
1050 1150 1256 1190 amore
1298 1138 1430 1190 tam
1476 1150 1775 1209 propenso
1819 1134 1883 1192 in
1927 1136 2123 1195 avitos

307 1231 496 1290 Lares
526 1237 712 1308 atque
742 1230 806 1287 in
840 1229 1044 1288 natale
1075 1228 1292 1300 solum,
1326 1231 1478 1289 adeo
1509 1236 1655 1299 erat,
1687 1238 1758 1290 ut
1787 1233 1901 1311 ipsi
1932 1235 2123 1303 aiunt,

304 1328 853 1411 φιλαθηναιότατος,
908 1335 980 1388 ut
1038 1329 1269 1387 nemini
1324 1331 1678 1399 accersenti,
1728 1350 1806 1391 ne
1852 1335 2122 1394 maximo

301 1429 554 1506 quidem
591 1429 737 1507 regi,
776 1447 987 1507 parere
1027 1425 1304 1496 voluerit,
1336 1436 1408 1486 ut
1443 1429 1640 1506 patria
1679 1427 1913 1490 scilicet
1959 1451 2123 1491 care-

303 1535 416 1588 ret.
508 1529 712 1599 Quare
749 1529 936 1606 siquis
966 1546 1129 1597 eum,
1163 1527 1333 1587 velut
1368 1530 1584 1606 patriae
1616 1529 1868 1588 caritate
1910 1530 2123 1611 abrep-

301 1637 457 1697 tum,
484 1626 811 1685 collocabit
855 1626 919 1684 in
960 1625 1382 1703 primariorum
1411 1625 1692 1695 conciliO,
1725 1646 1833 1705 per
1862 1647 1962 1688 me
1991 1632 2124 1709 qui-

300 1726 445 1784 dem
500 1726 562 1784 id
623 1725 876 1794 licebit;
935 1723 1159 1783 vellem
1210 1724 1394 1782 modo
1445 1726 1905 1803 suppeditarent
1957 1731 2121 1806 apud

301 1845 448 1884 eum
479 1824 776 1903 ejusmodi
806 1823 1031 1882 indicia
1056 1822 1152 1881 vel
1182 1822 1357 1902 plura
1387 1824 1485 1883 vel
1517 1825 1792 1895 certiora,
1824 1825 1922 1885 vel
1954 1834 2120 1887 certe

299 1945 444 2003 quae
478 1944 555 1984 ex
602 1924 806 1983 anim-0
852 1923 1045 2001 magis
1091 1930 1501 2001 erumperent,
1535 1925 1875 2003 emissaque
1919 1928 2122 2005 potius

305 2025 674 2092 viderentur,
704 2042 893 2101 quam
927 2022 1090 2081 facta
1122 2029 1186 2080 et
1215 2021 1426 2100 polita.
2197 2012 2200 2013 ⁷

391 2123 651 2191 Deinde,
689 2122 839 2199 quid
882 2121 933 2179 si
981 2122 1253 2190 doceam,
1298 2140 1541 2180 causam
1589 2123 1718 2199 ejus
1766 2124 1955 2201 pejori
2003 2125 2122 2184 for-

301 2227 465 2280 tasse
505 2219 640 2278 loco
677 2219 966 2288 futuram,
998 2218 1097 2278 vel
1127 2219 1394 2296 ipsarum
1437 2219 1688 2279 laudum
1729 2222 1940 2299 gratia,
1970 2241 2121 2299 quas

298 2318 579 2376 omnium
620 2336 919 2377 consensu
957 2317 1071 2377 sibi
1117 2325 1332 2378 nactus
1368 2318 1506 2378 est?
1597 2319 1726 2379 Vix
1767 2339 1867 2379 eas
1901 2322 2120 2380 versari

300 2418 503 2476 dicam
542 2417 606 2474 in
637 2415 764 2474 ullo
794 2435 1039 2494 genere,
1069 2418 1234 2493 quod
1278 2417 1525 2475 omnino
1567 2425 1895 2496 cognatum
1937 2421 2016 2478 sit
2053 2430 2120 2480 et

298 2535 630 2575 commune
691 2533 833 2574 cum
888 2535 1031 2574 vera
1079 2515 1349 2575 Poetica.
1442 2515 1610 2575 Nam
1670 2518 1847 2576 video
1906 2519 2120 2596 majori

302 2615 462 2694 parti
507 2614 845 2693 legentium
892 2614 1121 2692 duplici
1167 2613 1360 2673 ferme
1402 2615 1481 2673 de
1529 2635 1710 2674 causa
1754 2617 2010 2693 probare
2055 2635 2120 2675 se

299 2714 712 2792 Sophoclem:
761 2712 859 2771 vel
889 2714 1180 2790 quoniam
1211 2713 1411 2772 verbis
1451 2714 1529 2773 sit
1571 2713 1821 2774 limatus
1864 2715 2018 2774 adeo
2049 2735 2120 2775 ac

297 2813 560 2883 subtilis,
602 2819 667 2870 et
709 2812 775 2870 in
821 2813 1063 2871 erudita
1106 2811 1213 2871 illa
1244 2812 1598 2872 Graecorum
1645 2814 1893 2872 natione
1939 2814 2118 2874 facile

297 2912 496 2970 ferme
560 2911 1047 2981 eruditissimus3
1116 2911 1215 2970 vel
1274 2912 1563 2988 quoniam
1630 2911 1873 2981 fabulae,
1932 2932 2115 2990 quam

302 3017 542 3078 vocant,
589 3010 934 3068 universam
980 3010 1205 3068 seriem
1258 3018 1385 3069 tam
1435 3016 1636 3079 acute,
1683 3016 1811 3069 tam
1865 3012 2117 3088 provide

297 3108 622 3186 gubernet.
720 3106 933 3185 Atque
979 3108 1195 3167 harum
1242 3128 1559 3171 causarum
1609 3128 1793 3167 unam
1838 3109 2117 3188 intelligo

299 3207 612 3265 veteribus
677 3208 1012 3284 praesertim
1073 3206 1304 3266 Atticis
1364 3208 1644 3287 viguisse,
1705 3207 1961 3266 alteram
2023 3208 2117 3267 his

298 3305 697 3384 temporibus
753 3312 816 3363 et
875 3324 1087 3363 eorum
1147 3307 1454 3384 praecipue
1498 3304 1757 3383 judicic,
1809 3306 1913 3382 qui
1974 3325 2115 3364 cum

302 3403 642 3463 Aristotele
682 3405 978 3473 sentiunt,
1023 3415 1094 3462 ut
1139 3405 1382 3463 virtutis
1427 3404 1515 3462 ita
1556 3402 1821 3462 Poeticae
1871 3403 2114 3462 laudem

296 3522 549 3562 omnem
597 3504 661 3561 in
705 3502 946 3561 actione
991 3504 1339 3562 consistere.
1448 3501 1546 3560 De
1594 3507 1853 3579 utraque
1903 3508 2114 3561 autem

298 3602 568 3661 dubitari
606 3606 830 3679 potest,
867 3620 943 3659 an
981 3600 1150 3659 nulla
1189 3601 1638 3660 necessitudine
1682 3607 1877 3659 artem
1919 3600 2115 3679 ipsam
