2288 4036
382 81 492 132 428
845 78 1034 150 Apollo
1062 77 1305 146 ἐξηγητὴς
1330 74 1464 148 quid
1486 78 1657 132 valeat
1681 100 1696 130 .·
1862 96 2023 130 PRAEL.
2054 98 2185 132 xxn.

380 225 757 304 supplicandi
788 233 981 295 tenor,
1006 225 1267 283 admisso
1297 226 1554 303 piaculo,
1576 226 1887 285 hominem
1918 227 2185 286 maxime

380 327 612 386 deceat.
728 324 903 383 Nihil
963 323 1195 383 scilicet
1256 327 1682 403 compositum,
1741 325 1893 384 nihil
1951 327 2182 397 fictum,

377 426 529 484 nihil
595 425 672 484 ad
739 423 1032 502 lacrymas
1091 424 1335 484 ciendas
1406 424 1725 485 ambitiose
1784 426 2183 497 adornatum3

376 526 599 605 gravia,
646 531 829 594 casta,
876 524 1218 582 verecunda
1263 526 1499 595 omnia3
1552 546 1628 584 ne
1668 533 1897 603 puncto
1935 527 2182 603 quidem

377 625 668 702 temporis
699 623 770 681 fit
801 623 1140 693 immemor,
1166 643 1230 682 se
1261 644 1462 683 coram
1498 624 1774 683 Numine
1806 625 2182 684 sanctissimo

377 723 558 801 loqui,
604 724 943 801 propinquo
990 722 1087 781 vel
1147 724 1360 783 mortis
1408 723 1505 783 vel
1566 725 1777 785 salutis
1820 726 2181 785 discrimine.

377 823 540 893 Quid
580 822 815 882 multa?
862 829 1165 882 asseverat
1195 823 1323 901 ipse
1355 822 1623 893 Orestes,
1655 825 1807 883 nihil
1840 826 2087 884 omnino
2118 844 2183 883 se

374 942 554 1001 agere
598 923 838 1000 proprio
885 921 1152 993 consili0,
1186 923 1289 981 sed
1324 924 1493 1000 quasi
1525 924 1748 983 devoto
1788 924 1987 1002 capite
2016 925 2184 1002 jura-

375 1021 530 1081 visse
560 1022 623 1080 in
654 1021 838 1081 verba
865 1022 1140 1100 magistri
1170 1021 1480 1100 Apollinis
1498 1030 1555 1082 ⁰:

737 1145 867 1206 ὅμοια
886 1146 1057 1206 χέρσον
1078 1147 1150 1192 καὶ
1170 1147 1408 1195 θάλασσαν
1431 1149 1640 1208 ἐκπερῶν,

737 1223 892 1278 σώζων
913 1222 1108 1282 ἐφετμὰς
1130 1223 1291 1280 Λοξίου
1312 1224 1627 1283 χρηστηρίους,

734 1297 947 1355 πρόσειμι
970 1297 1093 1355 δῶμα
1115 1297 1186 1342 καὶ
1206 1297 1370 1357 βρέτας
1390 1300 1442 1343 τὸ
1466 1299 1564 1352 σὸν,
1588 1297 1680 1344 θεά.

738 1371 874 1417 αὐτοῦ
896 1373 1154 1431 φυλάσσων
1174 1372 1371 1431 ἀναμένω
1393 1372 1527 1421 τέλος
1548 1373 1682 1432 δίκης.

457 1477 575 1538 His
623 1485 1100 1538 consentaneum
1147 1486 1296 1550 erat,
1337 1486 1409 1538 ut
1454 1478 1812 1559 Apollinem
1865 1481 2182 1541 adhiberet

370 1578 558 1638 etiam
606 1598 809 1637 coram
860 1578 1191 1657 judicibus,
1246 1599 1441 1639 causae
1499 1601 1624 1639 non
1676 1587 1804 1640 tam.
1856 1589 2182 1659 patronum

372 1677 626 1754 (etenim
678 1684 965 1756 patronos
1017 1699 1141 1737 non
1192 1679 1427 1738 ferebat
1480 1699 1708 1738 severae
1760 1681 1933 1739 istius
1987 1680 2183 1740 Curiae

369 1777 516 1857 lex‚)
556 1797 739 1855 quam
792 1774 1088 1856 ἐξηγητὴν,
1136 1777 1346 1857 (quem
1394 1779 1737 1858 vocabant),
1783 1780 2182 1858 interpretem

370 1878 658 1938 videlicet
691 1878 848 1955 juris
883 1878 980 1936 vel
1021 1879 1259 1938 obscuri
1301 1878 1400 1938 vel
1445 1879 1734 1958 ambigui.
1825 1879 2013 1957 Cujus
2054 1880 2186 1957 qui-

373 1978 512 2037 dem
550 1975 829 2056 ἐξηγῆτου
865 1977 1150 2048 officium,
1189 1979 1345 2037 sicut
1387 1986 1451 2037 et
1497 1986 1714 2037 caetera
1745 1998 1877 2055 quae
1922 1978 2183 2056 plurima

370 2078 470 2137 hic
500 2077 819 2145 habentur,
853 2078 1221 2155 pertinentia
1266 2078 1341 2136 ad
1387 2077 1678 2136 formulas
1719 2077 1992 2155 ritusque
2026 2079 2182 2155 juris

371 2176 591 2246 Attici,
645 2176 799 2234 mira
856 2183 990 2234 tum
1052 2174 1328 2236 doctrina
1385 2184 1518 2236 tum
1580 2176 1883 2256 elegantia
1942 2177 2183 2234 videtur

372 2276 719 2354 nuperrime
763 2272 1124 2352 explicuisse
1162 2274 1560 2335 Germanicus
1604 2275 1784 2354 hujus
1829 2274 2047 2335 fabulae
2091 2276 2179 2333 in-

373 2385 621 2454 terpreS‚
656 2373 980 2433 Mullerus.
1072 2374 1146 2432 Id
1178 2383 1344 2434 certe
1376 2373 1605 2453 optime
1652 2391 1984 2454 congruere
2015 2374 2181 2432 vide-

372 2483 474 2533 tur
533 2494 671 2532 cum
733 2474 1068 2533 rationibus
1127 2474 1290 2534 illius
1351 2475 1480 2545 viri,
1539 2475 1703 2553 quod
1761 2475 1821 2532 in
1882 2475 2012 2552 ipsa
2071 2473 2180 2532 lite

374 2575 598 2633 oranda
642 2582 775 2633 tum
817 2572 1065 2634 demum
1106 2575 1352 2634 auditur
1388 2594 1508 2634 vox
1546 2572 1867 2654 Apollinis,
1899 2572 2004 2633 ubi
2036 2594 2181 2633 ven-

371 2681 503 2733 tum
543 2682 636 2733 est
681 2677 753 2734 ad
790 2675 946 2753 juris
993 2677 1498 2735 controversiam:
1543 2677 1619 2734 de
1658 2676 1820 2734 facto
1861 2675 2023 2734 enim
2062 2681 2182 2733 sta-

374 2773 482 2831 tim
540 2780 922 2841 convenerat,
972 2775 1305 2834 confitente
1362 2776 1565 2853 palam
1625 2796 1745 2844 rec,
1798 2795 1862 2834 se
1921 2781 2180 2833 matrem

373 2870 740 2932 necavissed:

737 2975 817 3033 ἤδη
841 2976 900 3021 σὺ
920 2975 1220 3035 μαρτύρησον·
1256 2977 1417 3037 ἐξηγοῦ
1439 2976 1492 3022 δέ
1508 2994 1600 3035 μοι,

723 3047 977 3103 Ἀπολλον,
1001 3048 1043 3095 εἴ
1062 3052 1159 3110 σφε
1180 3051 1264 3098 σὺν
1284 3052 1381 3109 δίκῃ
1403 3050 1678 3097 κατέκτανον·

736 3125 900 3184 δρᾶσαι
919 3125 1022 3184 γὰρ,
1046 3127 1199 3184 ὥσπερ
1224 3126 1363 3179 ἐστὶν,
1386 3125 1465 3170 οὐκ
1486 3124 1748 3185 ἀρνούμεθα·

735 3198 836 3244 ἀλλ’
860 3199 899 3244 εἷ
920 3198 1108 3253 δικαίως,
1131 3199 1219 3245 ε’ίτε
1239 3200 1314 3259 μὴ,
1338 3203 1389 3258 τῇ
1414 3203 1473 3257 σῇ
1497 3200 1629 3259 φρενὶ

736 3273 855 3318 δοκεῖ
874 3272 965 3318 τόδ’
987 3271 1107 3332 αἷμα,
1132 3276 1293 3333 κρῖνον,
1317 3274 1376 3320 ὣς
1397 3271 1568 3321 τούτοις
1589 3274 1770 3334 φράσω.

374 3369 691 3428 Habemus
742 3370 842 3429 hic
891 3371 1277 3441 sententiam,
1323 3367 1385 3429 ni
1425 3371 1619 3442 fallor,
1657 3370 1992 3430 arctissime
2038 3386 2181 3427 con-

675 3543 696 3566 c
728 3537 859 3581 Eum.
886 3551 988 3592 240.
1571 3536 1596 3568 d
1628 3537 1743 3583 Ibid.
1767 3536 1873 3582 612.
