2288 4036
128 266 294 306 ‚PRAEL.
316 264 502 297 xxvm.
543 245 866 314 Empenoh‘tur
895 242 1168 312 OEdipodis
1199 238 1436 307 Tyranni
1460 236 1685 289 Fabula.
1772 238 1879 293 579

138 392 208 449 Id
238 390 393 465 quod
423 389 483 444 in
515 387 851 444 Homericis
882 385 976 442 vel
1006 385 1066 441 in
1096 381 1424 458 AEschyleis
1455 381 1553 436 vix
1582 385 1643 435 et
1674 398 1748 435 ne
1779 379 1879 434 vix

137 487 372 562 quidem
403 485 681 542 accidisse
711 483 976 539 arbitror.
1064 480 1261 548 Quare
1292 477 1541 535 divinior
1569 475 1698 531 haec
1731 474 1881 531 Poe-

137 584 211 640 sis
244 581 552 638 intervallo
588 598 706 636 non
750 579 1030 634 mediocri
1076 576 1328 651 separari
1359 573 1487 630 vult
1517 573 1591 629 ab
1621 570 1723 627 illa
1751 590 1881 627 nar-

136 678 299 736 randi
350 677 576 752 peritia.
681 675 888 749 Atque
939 694 1049 750 ego
1101 673 1181 730 sic
1232 678 1444 737 statUO‚
1493 667 1878 726 Academici:

135 775 259 831 fieri
302 774 577 848 potuisse,
625 779 690 827 ut
737 772 798 827 in
842 770 1054 828 fabulis
1098 787 1331 844 quoque
1375 764 1695 824 condendis
1739 762 1883 819 emi-

137 871 330 927 nuerit
373 869 685 944 aliquando
721 868 921 924 nativa
949 867 1215 942 quaedam
1240 864 1474 921 Poesis:
1519 863 1566 919 si
1597 862 1749 918 forte
1779 858 1883 915 ali-

136 967 263 1042 quis
291 964 489 1021 indole
518 963 827 1039 plusquam
858 963 1130 1030 humana,
1153 981 1319 1019 casus
1341 961 1665 1025 hominum,
1685 974 1880 1013 rerum

134 1068 395 1128 eventus,
413 1061 692 1118 Fortunae
717 1060 922 1116 ludum
946 1059 1408 1135 pertractaverit,
1429 1076 1499 1114 ea
1519 1062 1738 1119 ment-e,
1762 1071 1881 1109 non

133 1165 200 1216 ut
229 1179 264 1216 a
291 1159 485 1234 pueris
515 1164 576 1214 et
606 1156 816 1232 puellis
847 1158 1105 1213 carmina
1151 1157 1276 1230 ejus
1317 1155 1670 1231 legerentur,
1701 1150 1878 1208 animi

132 1275 319 1321 causa,
351 1274 554 1312 verum
595 1261 662 1310 ut
697 1254 822 1328 ipse
858 1255 1044 1329 magis
1089 1254 1382 1309 frueretur
1424 1251 1716 1327 profundo
1756 1248 1882 1322 ejus

134 1353 347 1409 ordinis
387 1370 575 1417 8811811,
622 1370 737 1425 quo
782 1351 964 1406 tacite
1008 1349 1330 1406 flectuntur
1373 1355 1434 1406 et
1478 1348 1882 1424 gubernantur

133 1448 343 1504 omnia.
432 1446 634 1513 Istam,
679 1448 939 1522 inquam,
987 1446 1203 1503 Poesin
1253 1445 1558 1521 intelligo:
1620 1442 1881 1499 maxime

131 1545 284 1620 apud
329 1562 428 1600 eos
478 1563 724 1618 quorum
778 1543 958 1600 animi
1009 1543 1246 1618 penitus
1295 1542 1645 1598 imbuuntur
1693 1555 1883 1595 sacro-

131 1642 344 1699 sanctis
394 1660 496 1698 seu
550 1641 840 1698 vaticiniis
892 1641 1015 1697 sive
1075 1640 1522 1697 narrationibus„
1618 1637 1719 1694 Ne
1771 1654 1879 1692 au—

131 1745 255 1796 tem
287 1737 583 1813 Sophocli,
612 1757 688 1795 ne
724 1739 786 1794 in
815 1737 1109 1813 OEdipode
1138 1739 1399 1813 quidem,
1429 1736 1738 1794 consilium
1780 1732 1883 1789 tri-

129 1835 376 1892 buamus
427 1835 574 1891 adeo
631 1834 1011 1910 magnificum
1066 1841 1128 1891 et
1175 1834 1419 1901 elatum,
1471 1839 1635 1889 vetat
1693 1830 1882 1906 primo

128 1931 409 1988 universae
451 1932 535 1987 rei
589 1931 883 1997 atrocitaS,
930 1949 1073 2004 quae,
1120 1938 1187 1987 ut
1231 1931 1292 1987 id
1339 1930 1496 2006 quod
1540 1946 1744 1984 verum
1790 1931 1881 1982 est

128 2027 328 2093 fatear,
375 2046 608 2102 semper
656 2027 802 2082 mihi
854 2028 976 2083 visa
1027 2040 1117 2084 est
1174 2029 1413 2103 propius
1471 2026 1750 2083 accedere
1806 2023 1879 2079 ad

126 2142 310 2199 genus
338 2123 485 2180 illud
516 2121 712 2202 μιαρὸν
742 2143 809 2180 88
839 2124 1179 2181 nefandum.
1269 2123 1487 2199 Neque
1517 2124 1676 2180 enim
1708 2120 1880 2178 facile

129 2221 383 2296 patimur
410 2220 628 2277 nullius
658 2221 916 2277 criminis
956 2239 1130 2277 1811111.
1159 2228 1286 2279 tam
1325 2221 1481 2279 male
1519 2219 1787 2287 mulcari,
1817 2223 1879 2273 et

128 2316 202 2373 de
243 2336 417 2374 scen-a
459 2318 700 2374 tandem
739 2318 1055 2385 discedere,
1087 2317 1251 2375 nulla
1292 2337 1412 2394 spe,
1455 2317 1619 2374 nulla
1662 2315 1881 2393 signifi-

127 2413 357 2470 catione
386 2432 461 2470 ne
490 2415 673 2470 tacite
697 2414 935 2488 quidem
968 2414 1141 2481 facta,
1173 2415 1297 2472 fore
1324 2415 1657 2490 al'iquandO,
1688 2419 1757 2469 ut
1786 2431 1878 2469 res

127 2510 189 2565 in
227 2509 437 2566 melius
477 2517 775 2567 mutetur:
821 2509 994 2585 plane
1035 2511 1198 2585 quasi
1243 2511 1451 2568 ludant
1487 2511 1738 2568 fortunis
1774 2509 1879 2565 ho-

127 2606 369 2674 minum,
415 2607 601 2663 veluti
645 2605 796 2672 talis,
841 2606 1109 2664 crudeles
1147 2608 1392 2683 ‘quidam
1436 2608 1627 2666 Genii.
1716 2606 1879 2663 Reli-

126 2703 340 2778 giosius
382 2702 590 2770 multe,
635 2705 695 2759 ni
740 2703 927 2771 fallor,
960 2703 1311 2780 AEschylus:
1364 2706 1479 2780 qui,
1520 2712 1588 2761 ut
1630 2721 1876 2779 quaeque

127 2798 470 2856 immaniora
514 2808 786 2876 aguntur,
835 2820 904 2857 eo
957 2801 1144 2877 magis
1190 2801 1393 2858 sedulo
1432 2801 1732 2877 significat
1774 2802 1878 2857 ad-

128 2914 252 2952 esse
283 2895 459 2963 Deos,
499 2897 624 2954 fore
660 2899 761 2972 qui
803 2897 896 2954 vel
937 2916 1139 2973 poenas
1178 2904 1462 2973 reposcat,
1500 2898 1595 2954 vel
1635 2899 1876 2975 indigne

128 2999 369 3049 vexatos
413 3000 657 3051 recreet.
747 2993 899 3050 Cum
930 3001 1130 3050 autem
1162 2995 1236 3051 de
1266 3001 1433 3052 tanta
1468 3015 1530 3052 re
1574 2995 1754 3053 semel
1789 2996 1878 3052 in-

127 3087 331 3144 ciderit
375 3089 661 3163 ejusmodi
706 3091 972 3165 suspicio,
1006 3110 1210 3147 vereor
1254 3111 1329 3147 ne
1366 3091 1711 3170 περιπετείας
1747 3091 1877 3149 11188

126 3189 187 3239 et
224 3183 603 3263 ἀναγνωρίσεις
639 3187 816 3243 toties
853 3186 1119 3244 laudatas
1155 3188 1346 3245 odisse
1386 3190 1630 3264 coeperit
1672 3208 1875 3257 mens3

128 3297 314 3355 eoque
348 3282 687 3357 impensiUS‚
719 3302 835 3357 quo
880 3284 1100 3358 majore
1144 3284 1289 3341 fiant
1331 3286 1586 3362 ingenio·
1676 3286 1875 3354 Quare

127 3383 194 3432 ut
237 3378 571 3444 concedam,
617 3378 916 3434 neminem
961 3398 1221 3453 unquam
1273 3382 1559 3439 artificem
1605 3382 1876 3440 solertius

126 3473 383 3529 texuisse
412 3472 594 3530 telam
625 3492 825 3541 suam3
873 3475 1193 3532 videndum
1239 3484 1456 3545 tamen,
1488 3497 1563 3534 an
1607 3478 1732 3552 ipsa
1774 3476 1877 3533 illa

124 3566 358 3626 solertia
388 3569 658 3626 detrahat
699 3569 920 3644 aliquid
953 3571 1026 3627 de
1056 3571 1230 3630 laude
1260 3575 1385 3648 ejus
1414 3574 1675 3650 poetica:
1715 3581 1875 3630 caret

907 3683 943 3722 P
973 3684 1010 3741 p
1044 3671 1080 3724 2
