2288 4036
265 138 376 189 830

266 267 544 311 Demodocus
564 267 612 311 in
636 267 875 336 Odysseia,
899 268 989 312 xiv.
1016 282 1118 323 242.

266 329 415 385 Δῆμος
462 327 643 372 Atticus
691 328 929 380 morosior,
978 327 1209 386 Euripidis

325 395 543 444 tempore,
569 388 688 431 xxix.
714 388 817 445 588.

266 447 400 491 Deat.
424 447 543 492 xxiv.
573 459 641 505 15.
675 447 772 506 ejus
796 447 932 492 verba
959 456 1208 505 ponuntur,

327 523 371 550 Χ.
401 506 501 551 160.

265 565 494 624 Diayoras
533 566 815 619 Pindaricus,
855 567 910 611 de
950 582 1003 611 eo
1033 568 1210 626 conjec-

325 634 456 679 turae,
481 643 586 670 xxv.
611 638 713 695 497.

265 687 420 731 Diana
439 687 566 739 irata,
584 687 674 731 xix.
691 701 795 746 339.
828 686 995 731 vindex
1009 688 1210 739 leonum,

326 762 429 815 343.
466 747 627 791 Dianae
645 747 766 804 apud
786 746 1051 815 Euripidem
1070 762 1210 798 sacra,

324 808 448 850 xxix.
487 805 591 866 607.
626 807 723 865 ejus
753 807 995 874 praesentia
1023 807 1212 852 recreari

329 866 635 926 Hippolytum
654 867 937 920 morientem,
959 867 1068 911 ibid.

265 927 473 971 Dicteria
537 927 785 984 popularia,

328 986 504 1039 similia,
528 1003 571 1031 x.
601 986 700 1031 162.

265 1047 511 1091 Didactica
537 1047 756 1106 quaeritur
780 1062 838 1091 an
860 1047 1105 1091 formulam
1127 1062 1210 1092 no-

326 1114 468 1151 stram
501 1106 758 1159 admittant,
797 1107 855 1151 vi.
895 1119 965 1166 74.
1000 1122 1210 1166 quaenam

327 1167 432 1219 sint,
466 1167 588 1212 xxiv.
613 1166 717 1226 467.
772 1174 934 1211 caetera
968 1182 1073 1212 cum
1105 1168 1210 1212 Vir-

326 1227 506 1286 gilianis
600 1234 957 1285 componuntur,
1042 1228 1209 1272 xxxvii.

358 1302 427 1342 42.

264 1298 387 1392 Diiio
422 1347 545 1405 apud
579 1347 840 1415 Virgilium,
876 1348 905 1392 i.
946 1362 1016 1392 11.
1055 1363 1099 1393 v.
1136 1347 1209 1392 61.

325 1408 570 1453 commissa
602 1407 650 1451 in
684 1422 781 1451 eam
819 1410 897 1452 τοῦ
937 1411 1096 1466 μιαροῦ
1136 1423 1212 1452 ex-

326 1470 544 1526 emplum,
602 1467 755 1512 xxxvi.
820 1479 921 1526 724.
998 1468 1211 1522 moriens,

327 1528 510 1572 xxxviii.
538 1526 624 1586 76

264 1588 524 1632 Diluculum
547 1587 796 1646 agrestium
816 1602 942 1632 more
964 1587 1210 1646 depictum,

324 1648 492 1692 xxxvii.
518 1658 620 1706 743.

264 1707 500 1752 Diomedes
542 1722 648 1751 cum
691 1707 868 1751 Achille
904 1709 1209 1766 componitur,

325 1768 417 1812 viii.
457 1781 707 1826 109—112.
742 1767 857 1811 lucri
888 1775 1077 1820 amator,
1108 1783 1208 1813 121.

323 1827 473 1872 balteo
494 1834 698 1880 vexatur,
717 1827 778 1871 ix.
807 1827 907 1886 136.
941 1843 1082 1887 equos
1101 1843 1209 1873 suos

324 1887 495 1941 laudat,
524 1901 623 1942 140.

265 1950 528 2007 Διοτρεφεῖς
565 1962 647 1992 cur
688 1948 973 2005 appellentur
1017 1948 1208 2003 Heroes,

324 2008 462 2053 xxvfi.
487 2019 591 2063 542.

262 2068 408 2112 Diras
440 2067 683 2127 aliquando
712 2068 935 2120 ominum,
964 2083 1058 2112 non
1079 2077 1209 2114 voto-

324 2144 428 2172 rum
457 2143 556 2172 esse
583 2129 698 2180 locu,
722 2128 818 2172 xxi.
843 2142 947 2187 390.
982 2128 1038 2174 ab
1065 2129 1207 2188 Apol-

324 2189 416 2232 line
435 2188 638 2240 intentae,
661 2202 765 2242 400.

263 2249 471 2293 Dircaeus
497 2248 600 2292 fons
628 2247 750 2306 apud
786 2247 1050 2301 Pindarum,
1084 2251 1206 2294 xxvi.

391 2324 430 2353 1.

263 2320 397 2414 Diigi
418 2369 474 2414 ab
508 2369 677 2429 Ulysse
698 2368 806 2427 jacti
835 2369 1052 2414 terminos
1081 2376 1209 2415 notat

326 2430 550 2482 Minerva,
573 2445 647 2474 xv.
674 2439 777 2486 255.

263 2490 522 2548 Disciplina
556 2489 771 2533 Ecclesiae
808 2489 974 2533 minuit
1018 2489 1211 2535 Poeseos

324 2550 654 2601 necessitatem,
677 2565 783 2593 xxx.
808 2548 911 2608 625.

265 2610 499 2654 Discoboli
551 2609 674 2668 apud
726 2608 982 2654 Homerum
1033 2618 1207 2668 gestus,

325 2687 373 2714 x.
423 2682 523 2728 155.
589 2669 711 2728 apud
767 2669 1032 2723 Pindarum,
1086 2671 1207 2716 xxiv.

264 2790 578 2834 Dis-simulatio
615 2789 942 2835 Primariorum
980 2789 1036 2834 de
1071 2790 1210 2836 rebus

325 2851 502 2903 amatis,
523 2866 568 2894 v.
592 2849 787 2908 64—-67.

263 2910 553 2969 Ditlcyrambi
575 2909 818 2962 Pindarici,
840 2911 962 2955 xxiv.
981 2910 1085 2969 476.

264 2970 468 3014 Divitam
502 2985 714 3029 quaenam
747 2971 887 3015 ferme
921 2971 979 3015 sit
1014 2970 1069 3015 de
1105 2972 1210 3015 rure

327 3032 563 3083 sententia,
587 3030 632 3074 ii.
662 3031 731 3074 18.

264 3090 503 3134 Dominari
524 3091 573 3134 in
595 3090 766 3148 campis
788 3090 962 3142 lolium,
983 3106 1065 3135 cur
1087 3090 1207 3135 dica-

324 3158 415 3201 tur,
439 3150 607 3194 xxxvii.
635 3162 736 3208 744.

265 3211 438 3254 Donati
498 3210 553 3254 de
614 3210 827 3254 Lucretio
878 3211 1208 3263 testimonium,

324 3271 476 3314 xxxiv.
501 3269 604 3328 693.

264 3330 497 3374 Dracones
505 3330 553 3373 in
569 3330 1044 3382 Laocoontaimmissi,
1055 3331 1208 3374 xxxix.

328 3401 430 3449 793.
485 3389 694 3433 draconis
737 3389 794 3433 ad
837 3391 1071 3434 tumulum
1112 3391 1209 3434 An-

326 3450 464 3494 chisae
488 3450 572 3494 visi
594 3449 724 3500 ratio,
750 3460 851 3507 794.

264 3510 521 3554 Dramatici
542 3509 727 3568 quinam
751 3510 856 3561 sint,
876 3510 996 3554 xxiv.
1021 3526 1050 3565 4
1052 3509 1125 3569 7.

264 3570 366 3627 Dry
371 3570 505 3613 denus
527 3570 643 3614 male
665 3568 751 3613 sibi
774 3576 965 3621 constat,
989 3585 1032 3614 v.
1057 3581 1130 3628 59.

264 3630 409 3673 Daris
433 3629 630 3681 Samius,
655 3628 710 3672 de
736 3628 927 3673 Homeri
948 3637 1093 3683 aetate,
1117 3631 1206 3674 xvi.

328 3688 430 3747 265.

860 927 902 970 H
908 942 1211 972 omencorum

1087 137 1459 191 INDEX.

1298 328 1517 373 Eburneoe
1546 335 1692 387 portae
1729 330 1850 388 apud
1884 330 2128 389 Virgilium
2165 344 2236 375 ra-

1358 389 1437 440 tio,
1461 390 1613 433 xxxix.
1639 390 1695 448 78
1697 402 1740 447 5.

1298 448 1506 492 Ecclesia
1528 464 1724 508 quanam
1742 464 1795 493 ex
1819 456 1942 506 parte
1961 449 2092 523 Poesi
2110 465 2239 495 caru-

1359 508 1457 560 erit,
1481 525 1587 552 xxx.
1611 508 1714 564 624.

1298 567 1477 611 Eccles.
1501 569 1530 612 i.
1559 570 1646 619 18.‚
1669 569 1791 613 xviii.
1815 583 1919 626 312.
1942 569 2034 613 xxi.
2058 570 2163 627 381.

1298 627 1425 671 Echo
1447 628 1570 686 apud
1594 603 1859 681 Pindarum,
1881 629 2019 674 xxvii.
2043 630 2147 697 558.

1298 687 1515 745 Ecloyam
1536 688 1716 757 Virgilii
1748 689 1942 746 primam
1979 689 2141 733 merito
2179 690 2241 734 ita

1360 746 1464 800 dici,
1487 748 1655 792 xxxvii.
1681 760 1784 807 755.
1829 748 1906 792 filo
1934 748 2131 808 quodam
2155 748 2241 794 du-

1359 822 1458 851 cere
1480 823 1559 865 per
1580 815 1740 852 caetera
1762 809 1858 867 ejus
1880 823 2030 866 opera,
2056 808 2158 867 756,
2178 819 2220 868 7.

1298 867 1468 935 Eyeriis
1489 868 1753 913 hominibus
1783 875 2035 937 competere
2059 868 2240 922 Poesin,

1359 927 1406 971 ii.
1434 939 1504 987 17.
1551 943 1641 987 qua
1670 943 1724 972 ex
1753 935 1878 986 parte
1901 928 1991 972 sint
2011 927 2182 973 iidem
2171 944 2242 973 111-

1359 988 1568 1045 eptioreS,
1614 1002 1685 1043 24.
1745 987 1946 1045 κειμήλια
1993 1003 2070 1033 eos
2112 988 2244 1034 anxie

1360 1062 1532 1101 curare,
1555 1048 1646 1092 xiv.
1671 1062 1774 1107 233.

1299 1107 1533 1165 Eyestatis
1569 1108 1692 1166 apud
1727 1108 1982 1152 Homerum
2016 1108 2242 1167 significa-

1361 1167 1520 1221 tiones,
1544 1184 1589 1212 x.
1617 1168 1700 1226 156
1725 1183 1848 1227 seqq.
1871 1168 1963 1212 xiv.
1987 1179 2091 1226 225.

1299 1227 1529 1271 Electram
1570 1228 1866 1295 AEschyleam
1915 1242 2011 1272 non
2057 1228 2243 1286 privatis

1360 1287 1475 1331 odiis
1511 1287 1763 1356 indulgere,
1786 1302 1879 1332 ΧΧι.
1901 1302 2005 1356 391.
2059 1288 2156 1347 ejus
2193 1289 2243 1332 in

1363 1347 1487 1392 Deos
1509 1348 1669 1407 pietas,
1692 1363 1796 1417 393,
1820 1363 1924 1403 411.
1970 1348 2018 1392 in
2051 1355 2242 1392 matrem

1359 1408 1535 1462 lenitas,
1556 1421 1662 1464 410.
1695 1409 1743 1453 in
1764 1410 1946 1454 fratrem
1971 1423 2114 1460 amor,
2136 1421 2241 1463 411.

1360 1467 1418 1511 cf.
1443 1469 1565 1512 xxiii.
1585 1484 1689 1524 441.

1299 1527 1487 1572 Electra
1531 1528 1788 1596 Sophoclis,
1812 1543 1913 1595 quo
1957 1527 2180 1586 discrepet
2216 1542 2243 1572 a

1363 1587 1521 1646 Choep
1523 1589 1663 1641 horis,
1687 1587 1839 1632 xxviii.
1864 1588 1968 1643 581.

1299 1647 1433 1705 Eleyi
1445 1649 1595 1693 verius
1615 1648 1911 1693 scribentium
1927 1647 2125 1692 indolem
2148 1646 2241 1706 sig-

1358 1707 1560 1761 nificant,
1582 1709 1704 1754 xxiv.
1724 1707 1827 1767 469.

1298 1768 1570 1812 Elisabethoe
1601 1776 1804 1827 tempore
1845 1768 1924 1827 qui
1968 1766 2241 1820 scribebant,

1361 1827 1585 1873 Carolinis
1608 1829 1725 1873 viam
1749 1827 2041 1886 apparabant,
2059 1827 2120 1871 xl.
2137 1827 2241 1871 812.

1358 1889 1553 1933 maxime
1581 1896 1766 1947 propter
1785 1888 2075 1933 excelsiorem
2094 1886 2242 1945 philo-

1360 1948 1582 2017 sophiam,
1606 1950 1709 2007 813.

1298 2007 1363 2051 El
1346 2009 1450 2066 lysii
1472 2010 1615 2067 campi
1636 2024 1718 2053 cur
1746 2007 1832 2077 sub
1854 2006 1983 2051 initio
2006 2005 2242 2075 Odysseiae

1358 2076 1680 2121 memorentur,
1702 2068 1778 2113 xii.
1808 2078 1907 2126 197.
1941 2067 2068 2125 apud
2090 2066 2242 2125 Virgi-

1356 2129 1485 2181 lium,
1513 2143 1613 2188 199.
1659 2144 1741 2173 cur
1768 2127 1831 2172 ibi
1859 2127 1970 2171 fluat
1992 2126 2237 2179 EridanuS,

1355 2188 1540 2232 xxxviii.
1566 2199 1668 2257 772.
1705 2188 1893 2247 quinam
1914 2186 1978 2231 ibi
1998 2187 2103 2231 fons
2125 2187 2240 2231 lucis

1356 2247 1488 2299 adsit,
1511 2249 1664 2292 xxxix.
1690 2249 1792 2306 784.

1295 2308 1584 2366 Empedocles
1607 2308 1804 2352 Lucretii
1824 2321 2094 2364 praecursor,
2116 2305 2239 2350 xxix.

1359 2368 1463 2443 634.
1495 2368 1721 2412 turbidior
1741 2367 1855 2419 fluit,
1879 2365 1983 2425 635.

1299 2427 1569 2496 Ἐνάργειαν
1579 2428 1626 2472 111
1660 2442 1840 2472 summa
1862 2426 2017 2470 Iliadis
2049 2424 2241 2478 consuli,

1359 2488 1435 2532 vii.
1452 2502 1526 2547 91.
1559 2488 1775 2532 inservire
1796 2485 2106 2545 significandae
2129 2485 2241 2530 Poe-

1358 2556 1510 2592 tarum
1529 2547 1687 2601 indoli,
1711 2548 1772 2592 ix.
1801 2561 1901 2606 139.

1296 2607 1538 2666 Ἐνδόο-ιμα
1575 2623 1658 2652 cur
1699 2608 1790 2652 sint
1831 2605 1951 2665 apud
1991 2604 2241 2649 Pindarum

1357 2668 1579 2726 longiora,
1602 2668 1725 2712 xxiii.
1744 2678 1848 2726 475.
1881 2666 1987 2710 felix
2009 2665 2241 2723 ἐνδόσιμον

1359 2728 1623 2787 Euripidis
1614 2743 1661 2772 111
1684 2727 1863 2780 Medea,
1885 2726 2008 2770 xxix.
2032 2726 2135 2784 589.

1296 2745 1503 2847 Epaphip
1500 2789 1688 2841 natales,
1703 2787 1815 2847 quid
1837 2786 2107 2855 significent,
2116 2784 2239 2829 xxiii.

1294 2864 1621 2966 ’Hrregioenxcbv
1662 2907 1903 2953 hominum
1944 2905 2124 2958 indicia,
2162 2904 2239 2949 xii.

1359 2983 1461 3013 201.

1294 3027 1552 3074 Ἐπεισόδια
1566 3027 1746 3087 Virgilii
1767 3024 1999 3087 quomodo
2019 3026 2239 3084 placeant,

1357 3089 1508 3133 xxxvi.
1535 3099 1637 3147 727.

1284 3150 1413 3227 Epei
1434 3164 1594 3208 equus,
1617 3148 1677 3192 xi.
1701 3158 1800 3206 172.

1284 3207 1507 3268 ’Έφεδροι
1531 3207 1653 3266 apud
1678 3206 1941 3258 Pindarum,
1964 3205 2084 3249 xxiv.
2103 3205 2208 3260 481.

1296 3270 1508 3327 Ephorus
1560 3268 1615 3312 de
1659 3267 1793 3311 Creta
1843 3265 2104 3318 Homerica,
2147 3263 2238 3309 xvi.

1358 3328 1416 3372 26

1296 3340 1461 3457 Ερὶριζ
1467 3388 1693 3432 difficilius
1723 3385 1781 3430 ad
1807 3384 2051 3429 formulam
2079 3383 2238 3442 redigi,

1358 3449 1416 3493 vi.
1444 3459 1515 3507 73.
1550 3462 1643 3491 non
1666 3460 1844 3514 semper
1865 3444 2129 3512 magnificis
2138 3458 2239 3488 ver-

1357 3509 1428 3552 bis
1451 3507 1642 3566 agenda,
1657 3507 1748 3550 viii.
1769 3519 1869 3563 113
1902 3504 1987 3548 etsi
2007 3504 2069 3547 ita
2087 3503 2240 3547 visum

1358 3575 1451 3612 erat
1486 3567 1712 3625 Longino,
1745 3566 1805 3609 xi.
1842 3563 1941 3623 169.
1994 3563 2156 3607 melius
2190 3563 2239 3606 in

1357 3642 1451 3671 uno
1474 3627 1562 3671 fine
1582 3625 1765 3670 vivendi
1787 3639 1910 3682 poni,
1938 3636 2036 3682 170.
2061 3622 2239 3691 'Tragi-

1359 3688 1422 3731 cis
1473 3687 1696 3744 originem
1747 3684 1939 3735 dedisse,
1983 3682 2088 3727 xvii.
2134 3682 2237 3726 288.
