2288 4036
89 298 379 349 PRAELgxxx.
453 278 674 347 ayrestia
685 277 854 345 fuisse
877 278 946 328 eis
972 276 1239 329 caelestium
1263 278 1549 346 imayinem.
1727 276 1843 330 623.

89 423 187 481 illa
215 421 405 496 specie
436 438 636 476 earum
666 437 862 474 rerum
892 437 1026 492 quae
1057 418 1240 475 oculis
1269 425 1590 475 cernuntur
1618 420 1835 477 inesset

92 516 242 596 quod
281 534 384 572 sua
413 514 470 569 vi
501 514 725 570 levaret
771 513 1052 570 dolorem.
1142 514 1337 570 Immo
1381 514 1584 571 rivulis
1627 534 1835 589 parum

92 610 367 676 contenti,
397 609 735 666 adeundum
765 609 1056 682 putabant
1088 609 1293 684 Ipsum
1324 608 1595 666 Fontem.

175 715 206 738 ‘⁶
231 706 560 762 Nullumne
611 723 750 780 ergo
802 704 1136 779 habuerunt
1190 705 1442 763 Naturae
1492 723 1683 770 usum,
1738 705 1838 761 ha-

92 821 334 876 rumque
381 801 644 857 omnium
692 799 1051 866 deliciarum,
1095 799 1342 856 Hebraei
1388 808 1551 859 vates
1568 801 1623 858 ?’'
1713 800 1838 857 Ha-

96 900 341 956 buerunt
392 915 546 962 ver0,
599 901 660 950 et
710 896 1038 950 maximum
1099 895 1267 952 illum
1321 897 1578 970 quidem.
1677 895 1839 952 Nam

93 1001 233 1070 quot
262 997 469 1048 extant
500 991 699 1045 formae
737 1009 934 1046 rerum
980 1009 1048 1046 ac
1092 991 1269 1047 facies
1313 992 1374 1046 in
1417 991 1686 1047 miranda
1728 991 1838 1047 hac

93 1089 213 1148 88811
243 1095 304 1144 et
334 1095 619 1144 terrarum
651 1104 952 1161 compage,
986 1093 1078 1142 tot
1113 1086 1529 1163 intelligebant
1574 1088 1684 1143 sibi
1716 1088 1838 1143 dari

92 1185 301 1242 indicia
343 1190 404 1239 et
448 1182 727 1256 quasdam
771 1182 936 1255 quasi
987 1188 1235 1239 tesseras
1287 1184 1571 1257 propioris
1617 1183 1732 1238 Dei
1779 1191 1841 1239 et

92 1299 283 1339 rerum
327 1272 497 1353 plane
527 1278 874 1333 divinarum.
964 1277 1106 1333 Non
1138 1297 1277 1353 ergo
1307 1279 1366 1334 in
1398 1278 1573 1335 hasce
1604 1278 1841 1335 delicias

93 1396 151 1434 se
192 1379 552 1449 receperunt,
584 1373 800 1446 quietis
845 1380 906 1428 et
951 1373 1144 1429 solatii
1190 1393 1360 1449 ergo:
1409 1374 1510 1430 sed
1554 1374 1628 1430 ab
1672 1375 1842 1429 initio

93 1472 426 1536 didicerant,
466 1487 667 1525 earum
724 1487 835 1542 ope
886 1468 1194 1543 erigendos
1235 1470 1461 1526 animos
1512 1470 1573 1525 111
1623 1470 1844 1543 majora

95 1575 155 1625 et
194 1566 450 1623 meliora.
539 1564 736 1631 Quare
773 1583 881 1620 nec
926 1564 1219 1620 intactum
1264 1564 1630 1639 reliquerunt
1659 1564 1842 1621 ullam

94 1663 273 1720 ferme
313 1660 559 1717 Naturae
600 1666 847 1734 partem,
895 1666 956 1716 et
999 1679 1069 1717 ea
1113 1680 1241 1735 (11188
1286 1662 1607 1736 tetigerant
1647 1661 1845 1717 omnia

95 1758 284 1814 nescio
324 1774 439 1830 quo
484 1755 707 1810 lumine
751 1762 1063 1811 auxerunt.
1154 1755 1342 1812 Nullo
1386 1775 1647 1831 unquam
1692 1763 1844 1813 tem-

95 1870 232 1927 pore
280 1870 388 1908 nec
437 1851 683 1926 pulchra
730 1852 854 1908 sine
907 1851 1239 1921 dulcedine,
1292 1872 1401 1909 nec
1452 1859 1664 1909 moesta
1719 1853 1844 1908 sine

96 1946 321 2014 affectn,
351 1965 461 2003 nec
491 1946 797 2022 splendida
828 1949 952 2004 sine
982 1947 1188 2003 ardore
1220 1949 1843 2023 quodam-posuerunt.

99 2041 392 2099 Nimirum
424 2041 516 2114 (ut
545 2043 607 2098 in
637 2061 700 2098 re
730 2044 1096 2100 sanctissima
1126 2044 1318 2099 verbis
1362 2043 1540 2100 liceat
1581 2045 1670 2099 uti
1715 2062 1846 2118 pro-

98 2137 242 2194 fanis

246 2139 265 2213 )
385 2217 552 2274 Igneus
571 2222 637 2260 est
657 2217 755 2261 ollis
776 2217 918 2274 vigor,
941 2223 984 2260 et
1006 2216 1191 2260 caelestis
1213 2217 1338 2273 origo

385 2285 662 2328 Seminibus:

99 2409 218 2477 sive
250 2427 385 2465 cum
416 2407 617 2464 Hiobo
647 2409 729 2465 sic
759 2408 1177 2464 circumferant
1214 2407 1434 2475 oculos,
1462 2414 1531 2463 ut
1561 2409 1684 2464 visa
1715 2407 1779 2463 N
1782 2428 1849 2463 u-

100 2503 266 2561 minis
314 2504 582 2579 potentia
622 2504 869 2559 minime
913 2503 1190 2559 dubitent
1235 2504 1309 2558 de
1354 2502 1621 2558 bonitate
1667 2502 1847 2576 Ejus3

101 2599 218 2656 sive
259 2618 394 2656 cum
426 2598 580 2656 Isaia
621 2618 757 2655 rura
800 2618 868 2654 88
911 2599 1157 2655 rusticas
1201 2604 1373 2663 arteS,
1406 2595 1644 2671 (quibus
1673 2598 1848 2654 unice

100 2711 239 2769 gens
272 2694 606 2751 insueverat
651 2693 954 2769 Hebraea,)
999 2713 1157 2749 nunc
1200 2693 1274 2750 ad
1319 2694 1652 2749 docendum
1686 2692 1850 2749 adhi-

101 2786 294 2861 beant,
315 2808 471 2847 nunc
501 2791 576 2847 ad
605 2790 1064 2866 increpandum3
1101 2808 1205 2846 seu
1236 2789 1490 2863 denique
1520 2807 1655 2846 cum
1686 2789 1848 2864 regio

101 2881 201 2939 illo
243 2891 377 2941 vate
420 2903 764 2942 communes
793 2885 959 2959 quasi
996 2884 1246 2941 Naturae
1290 2890 1549 2940 tractent
1578 2884 1755 2950 locOS,
1787 2891 1849 2940 et

102 2976 163 3032 in
203 2979 411 3036 itinere
443 2980 737 3036 viatorum
780 2997 944 3035 more
989 2984 1247 3045 cantent,
1279 2979 1530 3053 sumptis
1565 2997 1642 3034 ex
1677 2978 1851 3035 obvia

103 3090 330 3148 quaque
371 3094 434 3131 re
479 3074 596 3131 Dei
634 3074 707 3132 O.
741 3074 832 3131 Μ.
864 3074 1152 3131 laudibus.
1253 3073 1367 3130 His
1410 3080 1613 3130 tamen
1659 3075 1744 3130 ita
1788 3093 1850 3131 88

105 3167 418 3238 oblectant,
462 3178 532 3227 ut
576 3171 680 3245 qui
726 3168 841 3226 alio
892 3188 1125 3245 prorsus
1182 3169 1312 3226 loco
1364 3187 1656 3226 summam
1701 3169 1851 3226 Poe-

104 3279 230 3320 8808
251 3282 366 3321 81188
392 3271 651 3340 ponant3
690 3266 752 3321 in
782 3285 853 3322 eo
883 3265 1103 3322 similes
1128 3264 1584 3322 Homericorum
1614 3272 1676 3322 et
1703 3265 1851 3322 Hel-

105 3354 309 3416 lenicae
337 3360 588 3428 familiae,
611 3360 883 3435 auspiciis
912 3361 1089 3416 modo
1118 3359 1294 3435 longe
1323 3359 1682 3416 melioribus

189 3449 500 3510 Videtisne
551 3455 765 3511 nostris
815 3473 891 3510 ex
941 3453 1206 3528 partibus
1256 3460 1410 3510 stare
1460 3454 1585 3510 haec
1636 3454 1848 3518 omnia,

104 3551 346 3604 eatenus
395 3555 570 3615 certe,
623 3556 691 3605 ut
744 3568 814 3605 ea
862 3550 1235 3623 potissimum
1286 3568 1432 3624 gens
1483 3549 1698 3624 agresti
1748 3547 1851 3604 illa
