2288 4036
270 281 426 317 PRAEL.
445 284 526 318 xt„
729 274 838 318 teste
852 265 1140 335 praesertim
1168 267 1220 316 S.
1241 265 1545 334 Auyustino.
1911 267 2017 316 803

268 414 462 462 tutum
497 415 602 474 est,
636 415 701 462 ut
731 407 805 462 ab
827 406 1090 462 Homero
1112 413 1289 479 atque
1317 403 1569 479 Virgilio
1600 403 1775 459 lectio
1799 404 2018 478 incipe-

268 513 391 571 ret;
426 523 756 578 quanquam
790 505 862 559 ad
894 502 1305 578 intelligendas
1335 519 1537 556 eorum
1559 501 1807 555 virtutes
1837 500 2016 555 firmi-

269 617 366 654 ore
403 598 628 671 judicio
674 618 819 672 opus
859 597 1063 654 esset.”
1152 597 1297 654 Haec
1342 596 1458 663 ille,
1500 604 1661 653 ortus
1710 595 2012 671 Hispania,

270 694 473 750 Romae
503 713 697 770 agens,
723 701 1024 770 regnante,
1047 703 1115 750 ut
1145 694 1396 759 videtur,
1431 692 1794 749 DomitianO.
1869 691 2013 748 Suc-

268 791 438 847 cedat
461 790 611 847 alter
633 792 706 847 ab
729 790 935 847 Africa
961 792 1150 858 testis,
1171 791 1400 846 diverso
1429 789 1603 866 longe
1627 797 1687 845 et
1712 788 1929 846 saeculo
1954 797 2014 844 et

268 887 585 963 disciplina,
613 888 832 944 Beatus
858 887 1262 963 Augustinus:
1305 888 1404 962 qui
1434 894 1635 943 tamen
1667 886 1820 942 idem
1855 906 2014 960 pror-

266 1004 362 1041 sus
406 985 579 1040 docet
625 985 697 1039 de
744 984 1015 1058 primitiis
1062 983 1300 1058 puerilis
1345 983 1628 1039 doctrinae
1674 981 1936 1058 legendis
1982 1003 2015 1039 e

267 1081 597 1157 Virgiliano
622 1080 938 1136 volumine.
1004 1080 1160 1137 Nam
1192 1098 1225 1134 e
1256 1078 1654 1154 compluribus
1685 1079 1809 1152 ejus
1840 1080 2017 1154 scrip-

266 1177 358 1242 tis,
390 1179 646 1234 maxime
684 1185 883 1233 autem
931 1195 964 1232 e
1009 1177 1464 1242 commentariis,
1489 1195 1617 1250 quae
1649 1176 1721 1231 de
1754 1176 1871 1232 vita
1912 1195 2015 1233 sua

265 1274 466 1340 edidit,
501 1273 820 1348 Virgilium
863 1274 1133 1329 novimus
1176 1273 1278 1329 illo
1309 1291 1542 1347 quoque
1582 1272 1711 1329 loco
1752 1293 1818 1329 ac
1863 1282 2012 1330 tem-

263 1390 402 1444 pore
442 1371 525 1427 ita
562 1371 737 1427 fuisse
778 1371 972 1445 pueris
1008 1370 1342 1430 erudiendis
1386 1369 1734 1434 adhibitum,
1768 1379 1835 1426 ut
1866 1372 2016 1427 inse-

264 1467 415 1522 derit
462 1467 586 1541 ejus
630 1466 867 1540 quidam
917 1485 1087 1541 sapor
1133 1467 1192 1522 in
1240 1467 1378 1540 ipsis
1425 1467 1586 1540 quasi
1634 1466 1908 1522 medullis
1953 1475 2014 1522 et

262 1565 471 1619 intimo
504 1571 742 1638 pectore
773 1564 1057 1640 ingeniosi
1083 1563 1365 1638 cujusque
1396 1563 1800 1620 adolescentis.
1863 1562 2016 1618 Nar-

263 1668 352 1716 rat
392 1661 669 1717 videlicet
707 1660 1079 1737 Augustinus
1098 1657 1143 1728 ¹³,
1185 1662 1293 1717 sibi
1340 1680 1522 1735 puero
1567 1660 1854 1735 placuisse
1900 1680 2014 1734 prae

262 1758 487 1812 caeteris
537 1757 730 1831 pensis
768 1756 1158 1833 Virgilianam
1212 1758 1285 1814 de
1330 1757 1519 1814 AEnea
1578 1757 2009 1813 narrationem:

262 1861 439 1927 atque
483 1854 566 1909 ita
612 1863 822 1919 narrat,
855 1863 922 1910 ut
966 1853 1141 1910 facile
1186 1854 1499 1931 intelligaS,
1538 1855 1772 1929 penitus
1816 1854 2012 1910 animo

262 1970 365 2006 suo
411 1950 582 2026 defigi
632 1970 745 2006 non
802 1952 1103 2007 insuavem
1157 1952 1282 2026 ejus
1334 1951 1602 2007 lectionis
1648 1951 2011 2017 memoriam,

262 2056 387 2103 tum
415 2049 614 2113 etiam,
636 2068 770 2103 cum
798 2050 1056 2105 maxime
1087 2049 1308 2124 pudeat
1338 2049 1655 2123 pigeatque
1686 2047 1843 2104 illius
1867 2054 2017 2103 tem-

260 2145 413 2218 poris
456 2145 827 2219 ineptiarum.
921 2144 1212 2201 Praeterea
1251 2164 1388 2200 cum
1434 2143 1829 2200 delectatione
1875 2163 2017 2219 qua-

260 2240 391 2296 dam
440 2240 589 2296 solet
630 2241 890 2297 excitare
929 2243 1091 2315 quasi
1139 2249 1320 2299 testes
1352 2241 1590 2317 Virgilii
1623 2261 1838 2308 verSUS,
1871 2261 2015 2316 quo-

259 2337 370 2393 ties
400 2336 499 2393 ille
524 2337 617 2393 vel
647 2337 882 2413 ignarus
906 2338 1203 2394 vaticinari
1232 2338 1463 2394 videtur
1485 2357 1721 2395 auream
1751 2346 2014 2414 gentem,

258 2452 594 2508 novumque
641 2433 991 2491 saeculorum
1040 2435 1322 2490 ordinem.
1412 2434 1606 2490 Immo
1647 2435 1900 2509 quodam
1952 2436 2011 2491 in

259 2531 387 2587 loco
439 2530 640 2587 laudat
686 2530 933 2587 Poetam
976 2530 1349 2606 Augustinus
1367 2539 1407 2598 ⁰,
1453 2530 1644 2606 palam
1697 2538 1759 2587 et
1810 2541 2012 2606 aperte

259 2628 555 2684 dicentem
571 2627 610 2693 ‘¹‚
634 2627 945 2684 “Peritura
974 2628 1203 2702 regna‚”
1223 2630 1296 2684 de
1320 2629 1494 2685 rebus
1515 2628 1813 2695 Romania
1835 2629 2012 2704 idque

258 2743 332 2779 ex
365 2743 469 2780 sua
499 2723 679 2798 ipsius
715 2742 995 2797 persona3
1040 2726 1138 2798 qui
1181 2743 1314 2780 cum
1362 2724 1729 2799 praedicanda
1759 2733 1884 2782 erat
1923 2746 2013 2782 ar·-

257 2819 677 2894 rogantissimae
721 2819 880 2875 urbis
921 2820 1239 2888 aeternitaS‚
1270 2839 1388 2877 non
1431 2821 1555 2895 ipse
1599 2820 1831 2878 locutus
1867 2829 2009 2885 erat,

257 2915 356 2970 sed
387 2916 424 2970 J
431 2934 601 2970 ovem
636 2915 921 2990 Lapidem
954 2916 1268 2973 induxerat
1299 2917 1641 2992 loquentem
1662 2926 1715 2974 e:

494 3022 579 3066 His
601 3037 683 3080 ego
705 3037 785 3065 nec
806 3030 945 3065 metas
967 3038 1113 3066 rerum
1137 3038 1216 3067 nec
1238 3032 1437 3081 tempora
1457 3038 1590 3080 pon0,

494 3095 734 3152 Imperium
757 3094 851 3138 sine
873 3095 959 3138 fine
981 3094 1095 3138 dedi.

259 3196 462 3253 Laetus
507 3196 831 3271 lubensque
862 3198 922 3252 in
954 3217 1023 3253 eo
1055 3206 1466 3265 commoratur,
1498 3196 1689 3273 siquid
1725 3218 1758 3255 a
1789 3198 2006 3256 dilecto

256 3293 535 3366 scriptore
581 3294 884 3357 exciderit,
919 3293 1072 3367 quod
1120 3294 1384 3369 proprius
1419 3295 1686 3351 videatur
1729 3295 1932 3352 abesse
1974 3316 2008 3352 a

255 3401 452 3445 nostra
482 3390 866 3465 philosophia.

313 3535 335 3564 b
362 3535 486 3591 Confi
510 3537 538 3579 i.
565 3550 753 3581 20—22.
950 3546 970 3568 e
993 3540 1127 3583 Serm.
1157 3540 1348 3596 136.,10.
1372 3549 1403 3584 t.
1428 3557 1468 3585 v.
1493 3543 1594 3598 380.
1619 3542 1846 3597 Antwerp.
1877 3552 2002 3597 1700.

255 3608 277 3638 ‘l
305 3609 456 3664 Geory.
483 3623 522 3652 2.
546 3611 646 3666 498.
828 3620 847 3641 e
869 3613 980 3666 AEn,
1008 3627 1044 3655 1.
1070 3614 1169 3669 278.

1049 3691 1218 3741 3r2
