2288 4036
153 216 308 250 PRAEL.
331 214 485 248 xxm.
595 194 842 262 fortunas
866 210 1039 244 earum
1065 191 1189 243 Jovi
1214 209 1310 243 esse
1336 208 1488 242 cara&
1810 191 1910 244 461

162 340 519 400 Prometheo
572 338 834 394 exerceri
881 337 1148 394 voluerat
1198 336 1266 392 Io
1318 337 1651 393 miserando
1703 355 1915 402 errore,

156 442 240 496 ita
282 446 498 502 tamen,
532 446 599 491 ut
636 454 798 509 spem
846 433 1065 508 ubique
1107 433 1466 499 ostenderet,
1505 433 1628 488 fore
1672 434 1912 489 tandem

160 539 227 593 i1t
258 534 492 610 vaganti
524 531 870 589 redderetur
898 539 1059 589 certa
1089 538 1150 587 et
1179 550 1346 587 mens
1377 539 1438 587 et
1470 530 1711 587 domus:
1756 530 1914 586 idem

155 631 273 698 ille,
309 631 567 704 inquam,
604 628 844 703 Jupiter
883 635 1126 703 apparet
1165 628 1385 702 ubique
1417 626 1812 703 Supplieibus,
1847 627 1916 683 Io

154 726 403 804 genitis;
448 726 521 781 ad
547 724 725 780 Illum
768 731 1106 799 provocant,
1140 723 1319 780 Illum
1364 724 1729 799 augurantur
1771 743 1914 798 prae-

155 842 281 881 esse
331 822 507 879 choro
558 822 842 888 Deorum,
897 841 1144 896 quorum
1196 822 1255 876 in
1308 820 1501 876 tutela
1553 821 1625 877 sit
1677 819 1912 896 Argos:

158 939 406 996 quorum
459 938 596 976 eum
647 919 867 976 faciant
919 919 1036 974 duo
1087 917 1361 992 quaedam
1419 918 1671 993 agmina,
1725 917 1916 993 Supe-

155 1036 350 1073 rorum
411 1016 635 1073 seilicet
694 1025 755 1072 et
815 1015 1166 1082 Inferorum‚
1224 1014 1440 1071 Jovem
1503 1015 1664 1070 miris
1721 1015 1913 1070 modis

155 1113 229 1170 ab
259 1119 510 1186 utroque
549 1118 841 1186 seponunt
885 1130 953 1167 ao
998 1117 1326 1186 segregant,
1360 1110 1523 1166 velut
1553 1111 1910 1185 superiorem

157 1227 272 1264 non
306 1208 509 1263 ordine
541 1213 773 1262 tantum
806 1206 907 1263 sed
945 1213 1006 1263 et
1041 1224 1291 1281 genere:
1338 1214 1549 1263 extant
1579 1207 1754 1273 enim,
1785 1206 1914 1263 illa-

155 1323 284 1360 rum
306 1303 534 1379 judicio
556 1310 594 1369 ⁰,

504 1416 661 1462 ὕπατοί
683 1435 729 1460 τε
753 1416 859 1468 θεοὶ,
882 1417 951 1460 καὶ
971 1415 1201 1474 βαρύτιμοι

505 1490 670 1547 χθόνιοι
679 1523 834 1534 ......

505 1563 574 1606 καὶ
596 1562 697 1607 Ζεὺς
719 1562 865 1619 σωτὴρ
886 1561 1107 1619 τρίτος,-

152 1665 252 1741 qui
301 1665 540 1740 quidem
601 1665 774 1721 unice
826 1664 1177 1739 praedicatur
1226 1682 1359 1739 spes
1409 1663 1621 1721 ultima
1680 1664 1905 1739 piarum

153 1763 566 1829 domorum,—

503 1867 747 1926 οἰκοφύλαξ
768 1868 902 1913 ὁσίων
922 1868 1102 1927 ἀνδρῶν.

154 1971 334 2028 Hune
370 1980 572 2028 autem
604 1973 778 2028 docet
806 1972 1050 2028 Danaus
1080 1990 1207 2028 sero
1237 1970 1338 2028 sed
1370 1971 1519 2027 serio
1553 1971 1731 2045 (quod
1766 1970 1909 2027 diei-

153 2072 273 2142 tur)
306 2069 400 2126 vel
431 2070 639 2144 punire
670 2068 764 2124 vel
796 2087 930 2125 suos
960 2068 1256 2124 vindicare
1287 2087 1355 2124 ae
1385 2067 1666 2125 liberare:
1708 2069 1908 2142 itaque

153 2166 521 2241 expectanda
566 2184 691 2221 esse
736 2184 968 2240 semper
1006 2165 1188 2240 ipsius
1228 2173 1512 2240 tempora,
1553 2184 1702 2221 neve
1746 2165 1909 2221 festi-

152 2262 429 2329 nandum,
459 2263 781 2337 praesertim
813 2261 902 2318 his
931 2261 1269 2318 mortalium
1303 2262 1563 2318 tenebris
1583 2257 1640 2318 ‘¹1

504 2376 672 2432 θάρσει·
705 2378 848 2434 χρόνῳ
869 2393 935 2419 τοι
957 2375 1086 2434 κυρίῳ
1108 2374 1143 2418 τ’
1168 2375 1212 2418 ἐν
1234 2374 1368 2431 ἡμέρᾳ

506 2449 628 2494 θεοὺς
648 2448 800 2502 ἀτίζων
820 2466 884 2493 τις
902 2450 1074 2505 βροτῶν
1095 2448 1226 2491 δώσει
1249 2448 1381 2503 δίκην.

156 2549 463 2607 Habemus
493 2558 554 2607 et
584 2550 706 2607 haec
724 2558 779 2607 e:

504 2664 604 2708 οὐδὲ
624 2664 865 2722 μέμφομαι·
898 2682 965 2707 τε-

504 2737 658 2781 λευτὰς
678 2735 714 2780 δ’
741 2736 786 2780 ἐν
805 2738 948 2796 χρόνῳ

504 2807 644 2863 πατὴρ
666 2809 690 2850 ὁ
709 2807 957 2875 πάντοπταςῖ

501 2878 738 2936 πρευμένης
758 2879 933 2924 κτίσειε.

151 2978 444 3037 Praeterea
493 2981 786 3056 perveniri
844 2984 917 3039 ad
977 3002 1047 3040 ea
1090 3002 1219 3058 quae
1261 2982 1401 3040 Jovi
1446 2992 1573 3042 rata
1630 2987 1763 3054 sint,
1809 2989 1903 3045 via

151 3077 403 3150 quadam
434 3078 775 3146 certissima,
808 3080 908 3136 sed
941 3087 1002 3136 et
1033 3081 1297 3137 omnium
1332 3083 1592 3140 maxime
1623 3084 1900 3142 obseura:

152 3178 218 3228 ut
264 3192 383 3230 nou
426 3174 581 3231 male
625 3175 861 3246 dixeris,
909 3177 1108 3234 divina
1153 3178 1395 3236 consilia
1438 3179 1612 3255 sylvae
1656 3181 1903 3258 alicujus

153 3268 598 3328 similitudinem
638 3271 871 3341 habere,
910 3274 1252 3334 densissima
1287 3276 1674 3353 virgultorum
1717 3280 1902 3355 eopia,

151 3364 316 3438 eujus
365 3367 577 3424 itinera
624 3387 814 3444 neque
867 3368 1002 3425 ullis
1053 3371 1170 3428 sint
1221 3374 1423 3446 pervia
1468 3373 1668 3439 oeulis,
1710 3392 1902 3448 neque

266 3553 286 3575 e
319 3547 422 3603 Sap.
447 3562 518 3602 25.
851 3550 873 3580 ‘¹
906 3551 1016 3595 Ibid.
1045 3563 1141 3609 740.
1493 3563 1514 3585 Θ
1546 3555 1656 3598 Ibid.
1684 3569 1781 3612 143.
