2288 4036
329 70 439 123 4524
602 70 810 141 Apollo,
837 70 1037 126 (bivinae
1060 69 1432 126 misericordiae
1454 69 1717 144 specimen.
1797 90 1958 125 PRAEL.
1988 88 2124 126 xxn.

327 212 589 276 Habetis
619 224 901 277 accurate
941 234 1286 294 expressam
1326 218 1654 297 imaginem
1697 218 2013 297 gravitatis
2057 217 2128 276 il·-

325 315 441 375 lius
470 317 790 395 plusquam
819 317 1120 384 censoriae,
1151 335 1272 393 qua
1305 316 1662 394 plerumque
1692 317 2007 399 excipiunt
2037 338 2128 377 se-

323 418 584 476 veriores
614 417 890 476 homines
921 416 1109 474 veniae
1139 423 1423 494 patronos
1454 426 1519 476 et
1554 417 1966 496 indulgentiae.

408 514 512 574 Ad
556 535 873 587 summam,
906 516 1117 575 Furias
1152 515 1334 575 hasce
1375 532 1497 575 non
1543 516 1703 576 male
1740 513 1993 575 forsitan
2036 517 2128 574 in·-

321 621 729 692 terpretemur
769 634 847 673 ex
893 635 964 673 ea
1008 621 1179 692 parte
1224 615 1585 675 adumbrare
1632 616 1907 675 Deorum
1941 616 2124 694 justi-

319 713 487 783 tiam,
519 721 819 791 quatenus
850 713 1136 772 videlicet
1173 734 1245 773 ea
1284 734 1348 773 se
1387 716 1642 793 probare
1678 715 1872 774 soleat
1910 715 2127 775 leviter

319 831 389 871 ac
434 813 692 871 strictim
735 813 1132 883 intuentibus,
1167 813 1336 893 vulgi
1380 834 1568 873 more.
1659 816 1948 874 Sentiunt
1978 834 2126 892 quo-

319 910 643 970 dammodo
673 912 972 970 mundum
1005 932 1077 971 ea
1106 912 1243 992 lege
1273 913 1613 992 gubernari,
1643 923 1715 972 ut
1743 914 1918 973 bonis
1948 914 2125 985 bene,

317 1009 493 1069 malis
525 1011 744 1089 saepius
791 1011 869 1070 sit
909 1011 1102 1071 male:
1150 1012 1358 1090 itaque
1403 1031 1527 1070 non
1571 1012 1750 1072 facile
1795 1012 2017 1082 ferunt,
2050 1013 2127 1071 si-

318 1109 458 1170 cubi
491 1111 584 1170 vel
619 1112 776 1170 forte
807 1110 905 1170 vel
946 1111 1198 1171 consilio
1237 1131 1331 1171 res
1373 1130 1437 1171 se
1482 1111 1661 1171 aliter
1695 1112 1922 1171 habere
1959 1113 2126 1171 vide-

315 1217 472 1269 atur.
560 1209 644 1271 Iis
684 1211 1004 1291 indignum
1036 1218 1129 1271 est
1159 1212 1410 1284 facinus,
1441 1213 1846 1290 poenitentem
1890 1213 2123 1272 innoxii

315 1308 450 1369 loco
483 1310 628 1370 fore.

400 1409 690 1469 Diximus
733 1412 808 1470 de
848 1411 920 1470 iis
958 1431 1212 1489 quarum
1253 1431 1332 1470 ex
1378 1412 1684 1471 sententia
1726 1418 2121 1490 provocatur:

315 1525 477 1568 nunc
508 1511 582 1569 ad
614 1518 927 1570 auctorem
958 1512 1342 1589 provocandi,
1374 1511 1750 1590 Apollinem,
1788 1512 2122 1571 veniamus,

315 1608 468 1679 Quis
513 1630 634 1668 non
672 1612 860 1681 videt,
892 1612 1021 1689 ejus
1061 1631 1381 1689 personam
1415 1612 1784 1670 documento
1831 1631 1961 1670 esse
2001 1631 2124 1670 non

312 1707 433 1767 levi
479 1710 697 1768 divinae
736 1710 1022 1774 ἐπιεικείας
1061 1717 1125 1769 et
1162 1709 1630 1792 φιλανθρωπίας;
1690 1709 1859 1770 Talia
1902 1730 2125 1789 nempe

311 1808 714 1885 perhibebant
759 1809 835 1868 de
879 1808 1171 1888 Apolline
1217 1817 1489 1880 veteres3
1539 1830 1648 1888 per
1696 1829 1838 1869 eum
1886 1810 2125 1888 potissi-

311 1927 483 1968 mum
514 1909 739 1969 habere
770 1909 1057 1969 mortales
1088 1909 1387 1968 familiare
1413 1910 1658 1988 aliquod
1690 1911 2124 1969 commercium

312 2029 452 2068 cum
502 2006 636 2069 Diis
683 2009 1048 2079 caelestibus,
1100 2030 1299 2088 neque
1345 2009 1534 2069 alium
1580 2011 1773 2089 magis
1821 2010 2011 2069 libere
2051 2030 2123 2069 ac

311 2107 575 2168 libenter
604 2111 826 2169 versari
859 2111 1196 2170 etiamnum
1233 2111 1296 2169 in
1334 2110 1754 2189 congressibus
1786 2118 1851 2169 et
1883 2110 2122 2169 circulis

310 2209 646 2268 hominum.
738 2209 982 2288 Quippe
1017 2230 1130 2269 nec
1162 2211 1414 2270 deerant
1446 2210 1848 2269 vetustiorum
1881 2210 2119 2280 fabulae,

311 2309 408 2368 vel
441 2311 516 2369 de
547 2309 804 2369 Admeti
840 2310 1125 2389 gregibus
1170 2330 1278 2389 per
1318 2330 1461 2369 eum
1506 2311 1710 2388 pastis,
1742 2310 1839 2368 vel
1872 2311 1948 2369 de
1980 2310 2119 2368 dolo
2192 2294 2196 2298 ⁴

310 2408 489 2480 malo,
521 2430 641 2487 quo
674 2408 878 2469 Parcis
913 2409 1237 2487 aliquando
1268 2410 1540 2470 illuserat
1559 2421 1615 2468 S:

675 2534 734 2581 σύ
755 2555 823 2581 τοι
844 2535 1035 2582 παλαίας
1056 2535 1264 2594 δαιμόνας
1284 2534 1565 2581 καθιππάσας

675 2609 777 2674 οἴνῳ
797 2610 1120 2670 παρηπάτησας
1140 2609 1328 2669 ἀρχαίας
1349 2609 1466 2656 θεάς.

311 2711 568 2770 Constat
611 2712 814 2790 igitur,
861 2709 1218 2788 Apollinem
1264 2728 1373 2768 suo
1425 2727 1596 2767 more
1641 2728 1839 2788 agere,
1880 2710 2120 2786 quoties

309 2811 424 2869 hac
455 2811 641 2869 etiam
675 2811 739 2868 in
768 2810 1087 2888 Tragoedia
1126 2808 1263 2886 plus
1294 2827 1464 2885 aequo
1495 2807 1696 2867 faveat
1742 2808 1941 2867 noxiis
1972 2828 2121 2885 quo-

311 2931 429 2989 que
457 2910 822 2970 hominibus.

400 3010 581 3081 Quod
627 3017 835 3069 autem
889 3010 1079 3078 aiunt,
1124 3028 1413 3086 apparere
1463 3007 1563 3066 hic
1615 3007 1874 3085 vestigia
1920 3007 2119 3067 Theo-

312 3108 492 3189 logiae
538 3110 907 3187 antiquioris,
955 3109 1291 3186 priscaeque
1331 3107 1607 3165 Deorum
1652 3106 1918 3176 familiae,
1965 3126 2116 3184 quos

310 3210 473 3267 inter
508 3215 572 3268 et
608 3207 962 3287 Apollinem
1005 3214 1380 3283 caeterosque
1424 3206 1850 3265 intercesserat
1889 3206 2118 3264 invidia

311 3329 434 3368 non
465 3308 819 3374 mediocris:
870 3307 1251 3366 verissimum
1273 3306 1333 3364 id
1360 3306 1622 3383 quidem,
1642 3305 2022 3383 vertiturque
2052 3305 2115 3363 in

245 3459 250 3464 .
311 3430 384 3468 eo
405 3409 500 3468 vel
525 3410 822 3486 praecipue
846 3414 980 3465 tum
1004 3407 1219 3465 harum
1239 3405 1579 3465 fabularum
1605 3413 1736 3463 tum
1762 3403 2114 3464 Promethei

1055 3562 1073 3584 s
1106 3555 1237 3598 Eum.
1265 3568 1365 3612 730.
