2288 4036
178 285 538 322 PRAEL.XXX1V.
602 268 707 319 Gur
729 285 786 319 ea
797 265 1025 336 facibius
1035 266 1221 335 serunt
1249 265 1552 318 Christiani.
1824 265 1930 317 683

183 417 273 456 res
318 404 424 464 est,
461 416 536 453 ne
581 396 737 454 dicat
777 394 986 469 aliquis
1031 393 1454 451 incredibilem.
1544 393 1741 450 Pauca
1771 413 1930 468 (11130-

183 495 318 550 dam
349 493 422 549 de
452 493 639 550 causis
668 492 793 566 ejus
822 490 934 546 hoc
965 496 1231 565 tempore
1262 489 1544 546 disserere
1574 488 1740 545 libet.

264 589 410 657 Quae
440 587 680 663 quidem
710 587 848 643 satis
879 592 1052 642 erunt
1090 586 1151 641 in
1195 591 1492 660 promptu,
1524 585 1700 642 modo
1730 603 1836 641 nos
1863 585 1931 640 il-

182 685 284 740 lud
312 703 432 740 non
461 683 616 740 male
644 682 1037 748 statuerimuS,
1068 699 1359 738 summam
1384 680 1757 738 Lucretianae
1783 680 1930 738 Poe-

181 799 307 838 seos
364 798 562 836 amore
613 779 867 853 quodam
919 782 1021 834 τοῦ
1069 777 1293 855 ἀπείρου
1345 778 1670 836 contineri:
1730 777 1931 853 placu-

178 878 291 933 isse
333 875 419 932 illi
457 876 580 932 viro
624 894 747 950 prae
792 874 1015 931 caeteris
1059 874 1321 940 obscura,
1361 875 1663 942 immensa,
1700 875 1931 931 infinita

180 972 406 1029 omnia:
459 972 660 1046 itaque
711 971 969 1027 adamari
1016 971 1090 1027 ab
1139 989 1209 1027 eo
1258 969 1699 1046 Philosophiam
1745 970 1930 1038 illam,

181 1087 308 1143 quae
336 1068 396 1123 in
427 1067 756 1124 istiusmodi
785 1066 1120 1142 regionibus
1145 1067 1281 1141 jure
1312 1066 1566 1141 quodam
1598 1085 1702 1123 suo
1733 1068 1930 1143 vagari

179 1163 382 1221 soleat.
476 1162 623 1220 Haec
661 1163 927 1238 pluribus
964 1170 1137 1219 erunt
1167 1162 1531 1238 explicanda,
1563 1165 1611 1220 si
1646 1164 1929 1221 nonnulla

179 1259 294 1316 alia
341 1259 500 1334 prius
550 1258 822 1325 attulerO,
868 1278 997 1333 quae
1048 1278 1084 1316 a
1132 1259 1300 1316 nobis
1352 1260 1688 1316 excusanda
1738 1267 1928 1326 erunt,

180 1356 227 1413 si
257 1356 351 1413 cui
380 1356 629 1412 nimium
668 1356 962 1430 patientes
991 1355 1324 1412 videbimur
1353 1355 1415 1410 in
1445 1356 1698 1413 nefanda
1728 1363 1790 1413 et
1818 1357 1928 1412 im-

178 1453 274 1528 pia
302 1451 726 1527 Epicureorum
755 1451 998 1507 ratione.

262 1547 478 1616 Primo,
510 1548 638 1623 quis
682 1567 800 1604 non
844 1547 1142 1624 intelligit,
1187 1547 1477 1622 disparem
1523 1548 1762 1604 omnino
1806 1549 1930 1605 fore

179 1663 412 1703 causam
460 1662 684 1712 eorum,
728 1644 829 1719 qui
880 1650 1023 1701 tunc
1068 1644 1350 1718 temporis
1401 1645 1714 1720 negabant,
1769 1643 1930 1701 Deos

83 1737 91 1743 ”
178 1741 360 1799 ullam
416 1741 758 1817 impendere
815 1759 1016 1798 curam
1072 1739 1438 1807 mortalibus,
1491 1748 1669 1815 atque
1724 1758 1930 1797 eorum

179 1838 279 1913 qui
336 1837 511 1894 hodie
567 1843 807 1914 negant,
864 1843 999 1912 post
1055 1842 1149 1893 tot
1207 1837 1416 1893 divinae
1474 1834 1755 1894 bonitatis
1820 1837 1930 1892 mi-

176 1931 414 1988 racula?
501 1930 734 1988 Habuit
777 1937 938 1988 certe
982 1929 1187 1997 multa,
1233 1949 1368 2005 quae
1406 1937 1606 2005 posset
1649 1929 1927 2004 proferre,

177 2035 347 2084 vetus
389 2026 489 2084 ille
521 2026 760 2103 Epicuri
797 2045 961 2103 grex,
1008 2045 1257 2101 quorum
1293 2025 1456 2093 nihil,
1493 2026 1603 2084 hoc
1642 2032 1927 2101 tempore,

178 2124 426 2199 quilibet
454 2124 644 2181 bonus
672 2125 733 2180 in
763 2142 824 2180 se
855 2124 1217 2180 admitteret.

260 2220 463 2296 Atque
508 2221 665 2277 haud
712 2221 847 2287 sci0‚
888 2239 963 2276 an
1014 2238 1084 2276 00
1140 2218 1367 2276 facilius
1410 2219 1675 2295 ignoscat
1720 2218 1929 2293 aliquis

177 2316 410 2373 illorum
455 2316 791 2384 dementiae,
821 2335 937 2391 quo
982 2317 1058 2372 sit
1101 2316 1225 2390 ipse
1262 2315 1495 2371 veritati
1541 2323 1928 2373 sacrosanctae

178 2414 479 2471 addictior.
550 2413 863 2470 Noverunt
893 2419 1068 2479 certe,
1099 2414 1197 2487 qui
1230 2412 1335 2469 tali
1366 2420 1502 2468 sunt
1533 2413 1748 2479 animo,
1777 2411 1930 2467 mul-

177 2515 240 2565 to
282 2507 494 2564 melius
537 2526 714 2582 quam
758 2507 969 2583 vulgus
1011 2507 1337 2576 hominum,
1377 2508 1611 2581 quantis
1657 2507 1928 2564 subsidiis

177 2603 469 2660 caruerint
498 2610 747 2670 vetereS,
769 2622 888 2660 non
919 2621 1023 2660 sua
1043 2602 1149 2675 (sic
1180 2603 1338 2659 enim
1369 2603 1627 2678 videtur)
1653 2602 1754 2659 sed
1777 2609 1929 2659 tem-

177 2718 384 2774 porum
419 2698 608 2774 culpa.
696 2698 852 2755 Fieri
882 2700 1084 2774 itaque
1113 2705 1327 2773 potest,
1357 2705 1426 2754 ut
1456 2699 1757 2755 interdum
1795 2698 1928 2774 plus

177 2814 341 2870 aequo
391 2794 738 2871 indulgeant
788 2796 991 2870 priscis
1035 2795 1432 2870 scriptoribus,
1475 2794 1631 2851 male
1678 2795 1752 2851 de
1797 2793 1928 2851 Diis

176 2891 581 2948 sentientibus.
673 2890 868 2946 Immo
922 2890 1139 2961 (dicam
1198 2891 1375 2957 enim,
1428 2891 1584 2947 bona
1639 2892 1930 2948 recentio—

175 3004 308 3041 rum
341 2986 532 3059 venia)
565 2985 794 3059 quoties
837 2986 1032 3062 agitur
1076 2986 1148 3042 de
1192 2987 1481 3061 portentis
1520 2986 1636 3043 illis
1669 2987 1928 3062 Epicuri,

175 3081 407 3156 gravius
463 3099 628 3155 paene
680 3081 961 3155 quiddam
1011 3099 1079 3137 ac
1131 3082 1390 3138 severius
1441 3100 1645 3138 sonare
1692 3083 1930 3139 videtur

178 3173 269 3230 M.
306 3174 548 3243 Tullius,
600 3195 778 3250 quam
829 3195 1033 3232 eorum
1084 3177 1401 3244 cathedrae,
1450 3178 1550 3251 qui
1608 3179 1766 3252 apud
1821 3197 1928 3235 nos

177 3268 520 3345 Philosophi
557 3270 872 3328 habentur.
961 3271 1097 3329 Hoc
1131 3272 1280 3330 illud
1319 3279 1447 3330 erat
1476 3272 1737 3342 fortasse,
1769 3275 1928 3348 quod

176 3366 224 3421 is
270 3364 614 3422 Lucretium
664 3366 827 3423 nullo
882 3386 1141 3441 unquam
1188 3375 1471 3443 tempore,
1517 3368 1675 3443 quod
1726 3369 1924 3437 sciam,

174 3461 439 3518 nominat
481 3462 543 3517 in
585 3462 1000 3537 philosophicis
1043 3465 1192 3520 suis:
1247 3483 1382 3520 cum
1412 3472 1614 3521 tamen
1644 3465 1927 3521 curiosius

179 3555 433 3629 quodam
478 3556 608 3614 loco
651 3576 855 3614 eorum
902 3559 1109 3616 seriem
1151 3566 1521 3634 exsequatur,
1555 3559 1653 3633 qui
1686 3558 1926 3633 Epicuri
