2288 4036
325 176 432 226 454
738 174 926 227 Pietas
951 174 1187 244 viminea
1212 173 1361 244 apud
1385 174 1672 245 Supplices,
1791 193 1955 226 PRAEL.
1976 194 2127 229 xxm.

322 342 472 390 rum,
508 343 638 399 quae
670 331 732 381 et
763 323 981 381 merito
1021 331 1083 380 et
1126 322 1387 381 libenter
1423 324 1689 400 recipere
1721 343 1784 381 se
1816 322 2012 381 solent
2049 325 2123 382 ad

324 421 611 499 Virgines
671 423 1051 500 potissimum
1103 420 1283 480 Deas,
1375 422 1446 480 Id
1501 424 1660 499 quod
1723 422 1969 480 solenne
2022 422 2127 480 ha-

322 522 470 579 bent
510 522 773 600 ipsarum
819 540 1043 598 preceS.
1141 520 1325 579 Nunc
1375 522 1675 599 supplices
1727 521 1954 580 adeunt
2003 521 2126 578 Mi-

322 640 566 680 nervam
592 631 614 656 ⁰
635 639 737 679 :—-

685 732 882 777 θέλουσα
905 731 940 776 δ’
965 731 1018 777 αὖ
1040 732 1265 778 θέλουσαν
1286 733 1395 793 ἁγνὰ

683 806 725 864 μ’
749 806 932 851 ἐπιδέτω
955 808 1059 853 Διὸς
1081 809 1203 866 κόρα,

685 882 710 896 ’l
923 880 935 894 l
990 880 1001 895 Σ
1038 881 1049 896 2
1087 883 1096 899 Ι
1157 880 1169 896 ’
1206 881 1216 897 2
1367 882 1380 895 l

684 899 855 939 εχουσα
878 900 991 939 σεμν
1026 900 1157 926 ενωπι
1191 884 1415 941 ασφαλες·

690 989 850 1000 ......
867 953 1061 1012 ἀδμῆτας
1081 954 1252 1013 ἀδμήτα

682 1027 839 1087 ῥύσιος
859 1028 1073 1088 γενέσθω·

322 1152 481 1191 nunc
515 1134 589 1191 ad
623 1132 835 1191 Dianae
868 1134 1126 1192 tutelam
1161 1134 1520 1213 confugiunt
1541 1131 1604 1193 d:

686 1246 827 1291 ἐπίδοι
850 1245 886 1291 δ’
900 1245 1113 1304 ''Am-epus*
1134 1245 1246 1304 ἁγνὰ
1268 1247 1436 1291 στόλον

685 1320 968 1380 οἰκτιζομένα·
1001 1320 1101 1378 μήδ’
1122 1320 1193 1366 ὑπ’
1217 1321 1406 1381 ἀνάγκας

686 1397 827 1455 γάμος
847 1396 976 1441 ἔλθοι
999 1396 1248 1456 Κυθέρειος.

401 1501 712 1579 Praecipue
743 1509 947 1559 autem
974 1509 1340 1560 venerantur
1371 1508 1604 1578 patrem
1632 1501 1943 1573 Danaum3
1982 1523 2128 1581 pen-

324 1602 471 1659 dent
501 1601 577 1659 ab
610 1622 711 1660 ore
742 1601 939 1671 illius3
984 1601 1158 1659 illum
1194 1601 1287 1659 vel
1326 1621 1512 1678 prope
1553 1601 1760 1661 abesse
1798 1623 1919 1661 non
1951 1603 2128 1662 facile

323 1702 526 1759 ferunt
548 1711 587 1760 e.

688 1782 854 1842 θέλοιμ’
879 1783 931 1828 ἂν
951 1785 1031 1842 ἤδη
1057 1783 1141 1829 σοὺ
1162 1782 1305 1829 πέλας
1328 1782 1512 1842 θρόνους
1533 1783 1665 1842 ἔχειν.

686 1857 849 1916 Ῐμόνην
870 1859 918 1903 δὲ
939 1859 997 1917 μὴ
1020 1860 1253 1917 πρόλειπε,
1275 1857 1513 1915 λίσσομαι,
1536 1856 1696 1917 πατήρ.

325 1956 427 2014 Ne
457 1956 871 2034 periclitantes
903 1957 1149 2033 quidem
1188 1954 1377 2013 ullam
1425 1975 1488 2013 se
1529 1956 1590 2013 in
1627 1957 1876 2018 domum
1909 1958 2127 2016 deduci

321 2057 547 2134 absque
578 2057 764 2134 patris
795 2055 1045 2115 consilio
1077 2056 1395 2133 patiuntur
1414 2064 1458 2111 g.

684 2180 869 2240 πέμψον
892 2181 939 2225 δὲ
959 2182 1178 2240 πρόφρων
1199 2179 1314 2239 δεῦρ’
1337 2179 1549 2238 ἡμέτερον

684 2255 835 2314 πατέρ’
859 2256 1056 2315 εὐθαρσῆ
1081 2255 1266 2307 Δάναον,
1288 2257 1494 2313 πρόνοον,

687 2331 758 2374 καὶ
777 2328 1051 2388 βούλαρχον·
1085 2331 1165 2374 τοῦ
1186 2329 1273 2388 γὰρ
1294 2328 1488 2387 προτέρα

684 2404 825 2462 μήτις,
848 2404 959 2450 ὅπου
980 2404 1068 2464 χρὴ
1091 2404 1267 2463 δώματα
1290 2404 1438 2456 ναίειν,

686 2480 756 2524 καὶ
776 2481 911 2526 τόπος
931 2479 1124 2537 εὔφρων.

410 2587 592 2658 Quid,
618 2586 777 2664 quod
810 2585 1101 2664 religione
1133 2590 1318 2643 tactae
1350 2582 1746 2642 reformidant
1776 2590 1884 2641 aut
1914 2585 2125 2643 memi-

324 2689 481 2747 nisse
533 2694 640 2746 aut
686 2686 888 2762 eloqui
937 2691 1103 2743 certe
1144 2704 1216 2743 ea
1253 2705 1385 2762 quae
1430 2703 1466 2741 a
1509 2683 1860 2761 parentibus
1904 2685 2128 2743 tradita

324 2789 398 2847 de
428 2788 639 2846 matris
673 2806 841 2866 vagae
874 2786 1132 2844 fortunis
1163 2790 1523 2862 acceperant
1542 2780 1616 2843 ¹¹?

687 2905 936 2964 κλῃδοῦχον
945 2904 1093 2962 εγΗρας
1113 2904 1233 2963 φασὶ
1254 2904 1463 2961 δωμάτων
1482 2921 1591 2948 ποτε

675 2977 755 3023 Ἴω
777 2978 984 3038 γενέσθαι
1006 2976 1099 3035 τῇδ’
1123 2978 1170 3023 ἐν
1188 2977 1370 3037 Ἀργείᾳ
1389 2977 1534 3037 χθονὶ,

687 3052 753 3110 ἣν,
777 3054 835 3099 ὣς
855 3053 1054 3111 μάλιστα
1075 3052 1144 3097 καὶ
1165 3052 1300 3112 φάτις
1319 3050 1468 3108 πολλὴ
1491 3053 1701 3110 κρατεῖ-

323 3159 561 3217 sentitis
590 3157 816 3215 haerere
848 3175 1079 3225 vocem,
1110 3158 1211 3234 pio
1244 3157 1489 3233 pudore.

415 3258 703 3315 Diximus
762 3257 838 3314 de
901 3256 1262 3315 verecundia
1327 3255 1611 3313 foeminea
1636 3271 1649 3312 τ
1726 3256 1997 3332 sequitur
2055 3263 2125 3313 ut

323 3377 515 3435 pauca
544 3356 817 3434 quaedam
858 3354 1193 3423 afferamUS,
1226 3355 1301 3412 ad
1347 3374 1614 3412 amorem
1661 3361 1724 3412 et
1770 3355 2124 3434 religionem

384 3576 403 3597 ⁰
440 3568 546 3625 Sup.
577 3577 675 3624 150.
863 3564 885 3594 d
918 3564 1032 3608 Ibid.
1063 3565 1191 3622 1038.
1370 3571 1384 3589 ²
1417 3564 1531 3608 Ibid.
1556 3564 1660 3622 316.
1831 3563 1849 3594 f
1877 3564 1992 3609 Ibid.
2019 3564 2121 3623 756.

322 3650 338 3674 Β
374 3641 486 3685 Ibid.
512 3651 615 3700 975.
742 3639 758 3663 ¹²
793 3638 906 3683 Ibid.
933 3653 1035 3697 299·
