2288 4036
102 269 255 303 PRAEL.
285 266 431 300 xxm.
615 248 910 317 depersoner
935 247 1039 316 ejus
1063 247 1454 318 verefaeminea.
1746 249 1853 302 603

100 391 328 451 Deinde
371 389 558 447 altum
603 390 676 447 de
720 409 790 447 ea
833 389 1151 458 silentium,
1187 408 1374 464 usque
1415 408 1487 446 eo
1528 388 1671 445 dum
1713 407 1846 463 pro-

105 492 238 547 deat
267 507 302 544 a
329 493 519 543 matre
549 492 810 554 evocata,
839 487 1117 543 fratribus
1152 487 1329 542 modo
1358 486 1418 542 in
1450 483 1629 541 fatale
1666 491 1856 542 certa-

105 604 239 643 men
283 583 575 639 accinctis.
664 581 798 649 Quo
837 590 1104 657 tempore
1148 588 1342 638 servat
1383 581 1712 637 etiamnum
1743 582 1856 637 vir-

103 679 294 758 ginale
322 678 468 734 illud
500 697 691 745 suum,
714 685 784 734 ut
812 678 1080 754 religioni
1111 678 1328 734 habeat
1358 677 1512 734 foras
1535 696 1568 734 e
1591 675 1854 733 thalamo

103 778 277 843 exire,
308 774 626 850 praesertim
659 774 856 829 media
885 774 1142 830 virorum
1171 774 1298 830 acie
1316 769 1351 828 f.

384 887 426 930 οἲ
446 887 545 945 ἐγὼ,
567 886 610 930 τί
627 886 784 944 λέξεις,
806 889 939 943 μῆτερ
952 904 967 939 3
1000 893 1033 930 1.
1057 887 1107 930 οὐ
1128 886 1241 944 φίλ’,
1264 887 1364 930 ἀλλ’
1388 886 1509 931 ἕπου.

315 966 366 1003 A.
387 961 476 1010 ποῖ,
498 957 770 1013 παρθενῶνας
791 957 1036 1009 ἐκλιποῦσ’;
1070 964 1104 1001 Ι.
1127 957 1206 1001 ἀνὰ
1226 960 1430 1014 στρατόν.

315 1038 365 1075 A.
388 1029 603 1086 αἰδούμεθ’
626 1028 776 1086 ὄχλον.
841 1036 874 1072 Ι.
898 1029 973 1073 οὐκ
994 1029 1040 1073 ἐν
1059 1028 1244 1085 αἶσχύνῃ
1266 1030 1320 1073 τὰ
1342 1028 1417 1073 σά.

314 1109 364 1146 A.
388 1100 536 1159 δράσω
558 1101 604 1145 δὲ
626 1100 677 1157 δὴ
701 1101 743 1144 τί
757 1118 771 1152 3
804 1107 837 1144 Ι.
861 1102 1087 1159 συγγόνων
1105 1099 1258 1145 λύσεις
1277 1101 1381 1158 ἔριν.

309 1181 359 1218 Α.
381 1175 425 1218 τί
445 1174 609 1230 δρῶσα,
630 1175 790 1230 μῆτερ;
824 1179 858 1216 Ι.
879 1171 1196 1230 προσπιτνοῦσ’
1220 1173 1324 1229 ἐμοῦ
1344 1171 1468 1230 με’τα.

314 1253 365 1290 A.
387 1245 494 1304 ἡγοῦ
517 1245 573 1289 σὺ
593 1245 702 1302 πρὸς
720 1243 951 1302 μεταίχμι’·
985 1245 1036 1288 οὗ
1055 1243 1310 1301 μελλητέον.

102 1348 350 1406 Habetis
379 1348 610 1413 fortem,
635 1347 868 1404 habetis
898 1348 1262 1423 patientem3
1303 1348 1388 1404 ita
1417 1354 1620 1404 tamen
1649 1355 1717 1404 ut
1747 1368 1855 1424 per

101 1446 292 1503 omnia
320 1445 664 1501 foemineum
694 1445 892 1501 nescio
920 1445 1061 1519 quid
1092 1451 1389 1520 appareat.
1465 1443 1671 1501 Unum
1702 1444 1850 1502 illud

99 1542 322 1608 addam,
367 1548 428 1598 et
472 1542 759 1597 eximium
797 1542 1069 1616 quidem;
1123 1542 1281 1616 quod
1328 1542 1388 1597 in
1437 1541 1683 1598 exilium
1728 1541 1854 1599 abi-

99 1645 227 1696 tura
255 1657 385 1695 cum
419 1657 579 1694 coeco
623 1645 809 1713 patre,
841 1638 1196 1713 deprecante
1232 1637 1458 1712 illm-ne
1488 1646 1613 1694 tam
1651 1638 1850 1695 subito

97 1742 263 1792 notas
292 1754 361 1792 ea
388 1734 616 1809 linquat
646 1735 914 1811 regiones
945 1741 1006 1791 et
1037 1741 1225 1791 coetus
1254 1735 1599 1803 amicorum,
1626 1735 1847 1791 nedum

99 1850 255 1889 sacra
282 1832 545 1888 Deorum
578 1831 922 1908 Indigetum
953 1831 1082 1888 loca
1103 1840 1130 1878 g
1148 1850 1249 1899 3-

442 1936 499 1982 ἴθ’
520 1938 638 1982 ἀλλὰ
660 1940 844 1996 Βρόμιος
863 1936 930 1982 ἵνα
950 1956 1001 1996 γε
1026 1940 1156 1995 σῆκος

440 2011 601 2064 ἄβατος
621 2010 746 2069 ὄρεσι
769 2011 1078 2055 Μαινάδων·-

97 2104 214 2162 filia
257 2105 473 2172 statim,
509 2106 794 2162 memoria
835 2106 1102 2179 pueritiae
1147 2106 1310 2180 quasi
1357 2106 1431 2162 de
1477 2105 1625 2163 caelo
1671 2112 1850 2172 tacta,

97 2198 405 2269 exclamet,

808 2281 1024 2338 Καδμείαν
1043 2278 1078 2342 ᾦ

440 2351 616 2409 νεβρίδα
636 2352 997 2410 στολιδωσαμένα
1015 2353 1111 2398 ποτ’
1134 2353 1221 2412 ἐγὼ

441 2423 595 2467 θιάσον
615 2423 806 2481 Σεμέλας

441 2493 558 2552 ἵερον
578 2494 728 2553 ὄρεσιν
746 2495 1028 2554 ἀνεχόρευσα,

441 2568 569 2624 χάριν
589 2567 828 2626 ἀχάριστον
849 2569 908 2615 εἷς
930 2569 1052 2615 θεοὺς
1072 2569 1267 2613 διδοῦσα.

98 2664 299 2742 Atque
341 2667 426 2725 ita
469 2669 726 2736 demum,
758 2689 894 2726 cum
919 2670 1231 2746 OEdipode,
1263 2671 1337 2727 de
1374 2689 1550 2728 scena
1580 2671 1849 2743 discedit,

98 2764 216 2820 dux
249 2771 310 2820 et
339 2783 534 2822 comes
565 2766 619 2821 ei
650 2765 879 2824 futura:
929 2786 1104 2841 quam
1138 2767 1183 2823 si
1215 2765 1309 2822 vel
1346 2766 1530 2823 solam
1566 2767 1847 2825 adhibeat

99 2859 205 2916 sibi
252 2867 464 2918 testem
512 2861 842 2937 Euripides,
882 2862 1126 2920 habebit
1171 2863 1437 2938 profecto
1483 2883 1598 2938 quo
1641 2883 1701 2922 se
1746 2866 1847 2921 de-

99 2952 277 3013 claret
320 2976 437 3014 non
481 2959 715 3033 penitus
758 2960 1026 3034 iniquum
1063 2966 1124 3016 et
1161 2959 1454 3016 infensum
1492 2979 1631 3037 erga
1671 2961 1847 3018 muli-

99 3069 240 3108 eres.

179 3145 374 3215 Quare
421 3149 622 3207 missas
670 3150 819 3207 facio
871 3149 1259 3227 Iphigeniam,
1296 3151 1624 3219 Alcestida,
1669 3159 1848 3209 caete-

98 3259 206 3311 raS,
237 3263 362 3319 quae
405 3245 600 3321 plures
644 3246 704 3303 in
744 3247 895 3304 hanc
940 3255 1168 3323 partem
1212 3247 1426 3305 adduci
1468 3249 1725 3325 possint3
1771 3250 1846 3305 de

97 3356 212 3396 una
239 3339 543 3416 Polyxena
576 3361 764 3418 pauca
793 3344 971 3400 verba
1007 3343 1301 3401 facturus:
1347 3353 1658 3421 propterea
1688 3345 1845 3420 quod

98 3452 298 3492 vereor
345 3443 414 3493 ut
464 3436 774 3513 Euripides
829 3441 888 3495 in
944 3457 1013 3497 ea
1069 3459 1316 3515 persona
1373 3443 1513 3499 satis
1574 3449 1711 3518 apte
1758 3461 1848 3497 re-

329 3574 347 3604 f
365 3576 513 3619 Phoen.
539 3577 668 3634 1289.
1011 3619 1014 3622 ,
1292 3588 1315 3618 g
1341 3579 1452 3623 Ibid.
1480 3578 1607 3637 1765.
