2288 4036
257 283 642 316 PRAELxxxvm.
661 264 968 316 Gratissima
989 263 1064 314 vis
1084 263 1312 321 locorum,
1333 261 1616 330 quospueri
1633 261 1872 312 novimus
1899 261 1998 314 771

345 409 570 466 Verum
632 410 938 465 redeamus
998 410 1069 464 ad
1129 409 1430 482 inceptum
1484 407 1557 461 de
1616 406 1757 461 locis
1815 406 2005 460 nomi-

255 504 460 561 nandis
512 524 862 573 sermonem,
907 506 1328 579 rationemque,
1377 503 1611 577 qualem
1662 503 2002 576 poterimUS,

254 601 579 667 reddamUS,
629 621 733 657 cur
783 620 858 657 ex
907 620 975 656 ea
1027 620 1090 656 re
1138 601 1371 675 capiant
1419 599 1682 674 plerique
1736 597 2004 671 volupta-

254 704 393 753 tem.
482 696 575 752 Ac
607 697 863 752 diximus
894 697 1131 771 quidem
1164 698 1237 752 de
1269 694 1816 761 verisimilitudine3
1864 712 2004 768 qua-

254 793 299 848 si
352 794 620 866 propiora
672 794 788 848 sint
840 794 1273 866 quodammodo
1329 812 1413 858 ea,
1467 811 1600 866 quae
1652 790 2004 846 nominat-im

253 894 482 961 cunque
527 887 915 962 appellantur.
1005 887 1140 944 Hoc
1177 895 1445 961 tempore
1486 886 1866 942 consideretis
1907 903 2005 939 ve-

251 983 370 1049 lim,
403 1002 476 1039 an
508 984 647 1040 satis
679 985 987 1040 commode
1030 986 1091 1039 in
1122 991 1241 1040 tres
1280 985 1465 1040 ferme
1509 989 1703 1057 partes
1735 981 2005 1038 distribui

252 1080 493 1154 possint,
552 1100 685 1154 quae
754 1080 974 1136 habent
1035 1080 1235 1136 Poetae
1295 1080 1408 1135 hoc
1466 1098 1687 1155 genus:
1753 1097 2002 1153 quorum

252 1177 437 1250 prima
468 1177 598 1243 erit,
630 1184 690 1232 et
722 1178 886 1250 quasi
928 1177 1056 1233 fons
1088 1183 1148 1232 et
1190 1178 1351 1253 origo
1383 1183 1742 1241 caeterarum,
1775 1194 1844 1231 ea
1875 1193 2002 1248 quae

250 1280 514 1328 versatur
543 1274 602 1328 in
635 1289 838 1328 eorum
868 1273 1129 1329 locorum
1162 1275 1483 1339 mentione,
1505 1273 1715 1347 quibus
1740 1272 2003 1346 quisque,

249 1388 394 1443 puer
438 1388 572 1424 cum
626 1376 798 1436 esset,
844 1369 1180 1425 insueverit.
1272 1368 1431 1425 Nam
1476 1370 1629 1425 sicut
1671 1367 2003 1424 tenerrimis

249 1465 414 1521 annis
444 1483 476 1520 e
509 1471 740 1539 patrum
773 1472 1149 1538 matrumque
1180 1464 1452 1520 familiari
1485 1471 1727 1539 aspectu
1749 1463 2004 1520 solemus

250 1581 452 1618 omnes
488 1563 789 1637 pervenire
821 1561 892 1617 ad
935 1569 1284 1618 caeterorum
1319 1562 1522 1617 ordine
1568 1561 2000 1617 occurrentium

251 1666 378 1713 tum
413 1659 683 1714 notitiam
719 1665 847 1713 tum
880 1659 1184 1714 caritatem
1218 1677 1231 1725 ;
1275 1658 1359 1714 ita
1390 1657 1518 1714 loca
1556 1658 1903 1733 plerumque
1935 1675 2004 1712 ea

250 1754 534 1828 principio
566 1753 923 1821 adamamUS,
956 1773 1089 1828 quae
1132 1773 1205 1809 ex
1243 1754 1380 1828 ipsis
1422 1755 1584 1828 quasi
1622 1754 1774 1810 nidis
1814 1755 2004 1828 primo

249 1849 549 1906 evolantes
594 1857 653 1905 et
698 1857 929 1905 nosmet
975 1857 1275 1907 tentantes
1323 1857 1716 1925 exceperunt:
1772 1850 2002 1916 deinde,

250 1947 412 2002 ducti
445 1946 539 2002 vel
571 1946 777 2001 horum
823 1946 1223 2013 similitudine,
1256 1946 1349 2002 vel
1381 1946 1805 2022 significatione
1843 1954 2003 2002 certe

248 2042 463 2117 aliqua,
483 2048 713 2109 caetera,
747 2048 920 2115 prout
953 2060 1198 2115 quaeque
1230 2048 1562 2106 occurrunt,
1589 2042 1846 2098 caritatis
1877 2042 2002 2116 ejus

248 2138 537 2213 particula
581 2138 831 2212 quadam
874 2137 1343 2212 complectimur.
1435 2137 1857 2205 Quamobrem,
1901 2140 2001 2212 qui

248 2237 307 2291 in
358 2235 468 2291 hac
523 2242 687 2309 parte
733 2233 876 2290 velit
928 2235 1170 2308 exsequi
1221 2233 1564 2309 Virgilianae
1618 2234 1871 2291 Poeseos
1915 2236 2004 2290 in-

246 2333 502 2407 genium,
555 2332 602 2387 is
650 2331 901 2387 censebo
954 2331 1189 2386 initium
1243 2331 1437 2405 capiat
1489 2350 1564 2387 ex
1612 2332 1682 2387 iis
1734 2350 1868 2405 quae
1928 2333 2001 2388 ad

252 2429 566 2484 Mantuam
627 2427 721 2483 vel
787 2428 859 2483 ad
920 2426 1273 2483 Cremonam
1332 2428 1667 2502 pertinent;
1742 2447 1869 2502 quae
1929 2430 2002 2484 ad

250 2524 459 2580 fluvios
510 2525 883 2599 propinquos,
940 2523 1255 2591 Mincium,
1306 2522 1578 2590 Athesin,
1641 2523 2002 2592 Eridanum3

249 2641 383 2695 quae
423 2621 495 2677 ad
537 2621 827 2677 montium
873 2620 1014 2676 licet
1059 2621 1513 2702 longinquorum
1550 2628 1837 2695 aspectUS,
1881 2622 2002 2678 sive

249 2715 495 2792 Alpium
542 2718 663 2773 sive
709 2715 1049 2791 Apennini:
1127 2717 1338 2790 quibus
1384 2718 1545 2791 quasi
1608 2717 1862 2773 Naturae
1907 2736 2003 2772 ru-

249 2812 541 2879 dimentiS,
603 2832 636 2868 e
694 2820 898 2868 tenera
949 2831 1135 2887 usque
1188 2819 1381 2877 aetate,
1442 2813 1625 2869 oculis
1683 2813 1998 2887 animoque

247 2909 510 2965 imbutus
560 2908 746 2965 Poeta
792 2908 965 2966 facile
1015 2916 1141 2965 erat
1192 2928 1601 2988 progressurus
1646 2911 1718 2966 ad
1764 2909 1999 2984 plenam

249 3006 372 3079 ejus
420 3006 758 3062 scientiam:
805 3005 1062 3061 habebat
1113 3006 1420 3072 duntaxat,
1474 3007 1824 3080 quibuscum
1869 3026 2002 3081 pos-

248 3108 337 3156 set
379 3119 732 3175 componere
777 3102 974 3156 omnia
1018 3107 1079 3156 et
1126 3102 1371 3177 singula,
1404 3121 1532 3177 quoe
1577 3121 1999 3177 usquequaque

248 3195 306 3250 in
353 3195 553 3252 oculos
606 3197 891 3252 venirent.
985 3196 1216 3271 Ecquid
1260 3198 1321 3253 in
1368 3216 1543 3255 causa
1587 3217 1713 3255 esse
1758 3199 1997 3273 putatis,

247 3311 351 3347 cur
400 3310 474 3347 ex
534 3292 804 3348 omnibus
857 3292 1152 3349 Bucolicis
1202 3295 1390 3367 prima
1428 3301 1489 3350 et
1538 3315 1691 3351 nona
1739 3296 1999 3351 maxime

247 3395 658 3443 commoveant
710 3389 953 3455 animos,
1001 3390 1111 3445 nisi
1166 3392 1301 3463 quia
1361 3399 1626 3447 versatur
1677 3403 1998 3465 utrumque

248 3501 482 3539 carmen
514 3484 571 3538 in
604 3491 764 3540 certa
794 3503 860 3541 ac
892 3484 1161 3541 familiari
1195 3486 1423 3553 vicinia,
1456 3488 1727 3562 notisque
1760 3496 1820 3543 et
1851 3489 1998 3543 caris

249 3576 534 3634 limitibus
564 3579 822 3653 undique
855 3581 1395 3639 circumscribitur?
1444 3581 1642 3650 Quid?
1688 3584 1998 3658 magnifica

985 3681 1020 3732 3
1054 3694 1092 3731 D
1125 3682 1161 3733 2
