2288 4036
111 240 265 273 PRAEL.
284 238 430 271 xxv1.
494 217 790 269 Pindarum
816 215 876 266 de
906 214 1075 266 Persis
1103 212 1380 281 triumphos
1404 228 1564 281 affere.
1752 213 1859 264 527

110 366 332 423 lenica:
406 361 562 437 quod
634 360 887 435 primum
954 359 1138 414 doceo
1198 357 1432 413 disertis
1495 356 1676 431 ipsius
1736 374 1863 411 ver-

111 463 198 519 bis
217 468 262 516 ‘¹.

458 535 726 592 παυσαμένοι
747 534 783 578 δ’
805 532 1030 590 ἀπρήκτων
1051 538 1187 577 κακῶν

457 606 593 666 γλυκύ
615 625 655 651 τι
677 605 966 663 δαμωσόμεθα
988 606 1056 648 καὶ
1076 607 1184 662 μετὰ
1203 606 1349 649 πόνον·

460 679 604 735 ἐπείδη
626 680 701 722 τὸν
720 678 828 735 ὑπὲρ
852 679 1047 735 κεφαλᾶς

458 770 509 809 γε
529 751 751 794 Ταντάλου
772 750 889 807 παρά
909 767 974 794 τις
994 750 1188 807 ἕτραψεν
1208 749 1313 805 ἅμμι
1335 749 1446 800 θεός,

458 823 702 879 ἅτολματον
720 820 900 865 Ἑλλάδι
920 821 1100 879 μόχθον·
1133 820 1249 865 ἀλλά

458 913 530 951 μοι
552 895 674 951 δεῖμα
694 895 1010 952 παροιχόμενον

459 966 665 1024 καρτέραν
696 967 859 1010 ἔπαυσε
894 965 1112 1023 μέριμναν·
1156 964 1206 1008 τὸ
1242 965 1289 1008 δὲ
1327 966 1412 1021 πρὸ
1448 965 1582 1010 ποδὸς
1617 963 1760 1021 ἄρειον
1795 964 1862 1007 ἀεὶ

519 1057 698 1083 (raconem

459 1113 605 1169 χρῆμα
624 1112 722 1154 πᾶν·
757 1110 903 1156 δόλιος
919 1110 1004 1168 γὰρ
1026 1107 1128 1153 αἵων
1149 1108 1214 1152 ἐπ’
1236 1108 1420 1163 ἀνδράσι
1439 1108 1642 1167 κρέμαται

459 1182 652 1227 ἑλίσσων
671 1181 771 1233 βίου
791 1183 938 1238 πόρον·
970 1180 1066 1223 ἶατὰ
1088 1179 1123 1223 δ’
1147 1181 1243 1225 ἔστι
1262 1182 1439 1237 βροτοῖς
1459 1178 1542 1224 σύν
1561 1178 1600 1237 γ’
1625 1178 1848 1236 ἐλευθερίᾳ

459 1255 526 1298 καὶ
547 1252 612 1298 τά·
645 1253 729 1311 χρὴ
753 1253 788 1296 δ’
811 1253 976 1312 ἀγαθὰν
997 1251 1134 1296 ἐλπίδ’
1157 1252 1279 1310 ἀνδρὶ
1300 1251 1464 1309 μέλειν.

111 1351 355 1409 Habent
398 1352 528 1409 haec
565 1350 1053 1427 significationem
1094 1349 1340 1405 minime
1376 1349 1687 1405 obscuram
1724 1368 1864 1405 con-

109 1447 221 1505 silii
252 1446 564 1523 Scriptoris
604 1447 666 1502 in
705 1465 790 1512 ea,
822 1464 950 1520 quae
990 1453 1118 1501 tum
1161 1453 1302 1512 erat,
1340 1444 1657 1520 republica.
1748 1444 1862 1501 Ni-

107 1543 321 1599 mirum
358 1548 483 1599 tam
518 1541 782 1616 impense
825 1540 1158 1616 gratulatur
1196 1541 1405 1615 patriae
1436 1540 1762 1608 victoriam,
1795 1551 1863 1598 ut

109 1639 181 1696 ad
231 1639 356 1714 ejus
406 1639 750 1695 memoriam
804 1638 1108 1714 confugiat
1159 1638 1406 1706 animus,
1453 1646 1734 1712 tanquam
1787 1638 1860 1694 ad

109 1736 498 1793 certissimum
528 1734 772 1791 adverso
802 1741 1072 1809 tempore
1103 1733 1400 1791 solatium.
1491 1734 1687 1791 Immo
1732 1754 1865 1810 pro-

108 1833 327 1900 fitetur,
368 1833 414 1888 si
453 1838 615 1888 recte
662 1829 948 1907 intellige,
993 1850 1112 1887 non
1157 1838 1390 1888 tantum
1436 1832 1560 1889 fore
1605 1851 1666 1890 se
1713 1852 1865 1908 prae-

109 1930 290 1986 sentis
336 1928 567 1986 laetitiae
616 1927 984 2003 participem,
1033 1947 1239 1984 verum
1287 1930 1465 1986 etiam
1518 1948 1861 1987 mansurum

107 2027 170 2082 in
212 2044 283 2082 ea
327 2024 637 2091 sententia,
678 2030 747 2080 ut
795 2024 997 2080 credat
1036 2025 1333 2081 neminem
1378 2025 1539 2082 salva
1585 2025 1864 2083 libertate

108 2120 373 2177 funditus
401 2138 661 2194 unquam
691 2119 881 2194 perire
910 2137 1098 2194 posse.

192 2217 351 2286 Quid
381 2216 539 2292 quod
568 2215 772 2273 laudes
803 2214 1084 2273 Hieronis
1114 2218 1291 2273 etiam
1336 2220 1442 2286 sui,
1473 2237 1652 2293 quem
1697 2237 1865 2276 max-

109 2315 227 2371 ime
271 2332 503 2389 semper
546 2332 751 2371 ornare
810 2314 1008 2390 gestit,
1051 2315 1361 2389 conjunxit
1406 2335 1541 2372 cum
1592 2314 1864 2372 laudibus

108 2410 482 2469 Athenarum
513 2430 581 2468 ac
613 2409 1077 2477 LacedaemoniS,
1107 2411 1270 2469 nulla
1299 2414 1630 2489 argumenti
1663 2432 1864 2470 neces-

110 2506 284 2566 sitate
312 2507 603 2565 adductus
621 2506 683 2564 ¹¹?

399 2620 630 2678 λίσσομαι,
653 2623 821 2672 νεῦσον,
845 2621 1049 2678 Κρονίων,
1072 2619 1233 2679 ἅμερον

402 2693 522 2752 ὄφρα
548 2693 635 2738 κατ’
658 2692 775 2739 οἷκον
795 2696 818 2737 ὁ
840 2695 987 2752 Φοίνιξ
1019 2697 1042 2737 ὁ
1071 2699 1304 2752 Τυρσανῶν
1334 2695 1370 2739 τ’
1400 2695 1618 2742 ἀλαλατὸς
1647 2696 1740 2753 ἔχη,
1766 2715 1864 2740 ναυ-

461 2765 668 2811 σίστονον
688 2765 814 2823 ὕβριν
835 2766 936 2810 ἰδὼν
955 2767 1033 2810 τὰν
1051 2767 1138 2825 πρὸ
1160 2766 1321 2823 Κύμας·

402 2835 471 2882 οἷα
491 2837 766 2896 Συρακοσίων
785 2838 906 2899 ἀρχῷ
929 2838 1222 2895 δαμασθέντες
1241 2838 1392 2891 πάθον,

403 2910 634 2969 ὠκυπόρων
654 2911 738 2955 ἀπὸ
761 2916 871 2956 ναῶν
892 2910 939 2957 ὅς
960 2912 1072 2969 σφιν
1093 2911 1139 2955 ἐν
1158 2913 1303 2972 πόντῳ
1322 2910 1474 2964 βάλεθ’
1497 2912 1679 2965 ἁλικίαν,

400 2980 578 3026 Ἑλλάδ’
601 2982 788 3038 ἐξέλκων
807 2982 985 3041 βαρείας
1005 2982 1194 3028 δουλίας·
1228 2981 1406 3040 ἀρέομαι

400 3054 489 3109 πὰρ
508 3052 588 3110 μὲν
607 3056 846 3111 Σαλαμῖνος
863 3053 1102 3098 Ἀθαναίων
1120 3052 1248 3111 χάριν

399 3124 573 3180 μισθόν,
596 3125 641 3170 ἐν
661 3125 833 3184 Σπάρτᾳ
854 3124 890 3169 δ’
914 3125 1019 3182 ἐρέω
1041 3125 1119 3169 τὰν
1137 3127 1224 3183 πρὸ
1247 3127 1508 3183 Κιθαιρῶνος
1527 3126 1684 3186 μάχαν,

401 3199 521 3241 ταῖσι
543 3196 723 3253 Μήδειοι
744 3197 877 3254 κάμον
896 3196 1196 3255 ἀγκυλότοξοι,

402 3267 519 3325 παρὰ
548 3269 596 3313 δὲ
625 3270 703 3313 τὰν
723 3270 908 3327 εὔυδρον
928 3269 1059 3314 ἅκταν
1077 3269 1235 3327 Ἱμέρᾳ,
1256 3269 1492 3315 παίδεσσιν
1510 3270 1642 3328 ὕμνον
1663 3272 1864 3328 Δεινομέ-

463 3358 558 3387 νευς
577 3340 793 3393 τελέσαις,

403 3412 478 3454 τὸν
499 3411 690 3468 ἐδέξαντ’
710 3412 818 3471 ἀμφ’
841 3414 987 3471 ἀρετᾷ,
1008 3415 1226 3471 πολεμίων
1246 3415 1412 3472 ἀνδρῶν
1433 3418 1666 3472 καμόντων.

348 3573 371 3603 ‘1
392 3565 540 3610 Isthm.
563 3567 606 3611 8.
634 3578 701 3624 17.
1268 3577 1283 3594 ¹
1303 3569 1433 3625 Pyth.
1462 3584 1499 3613 1.
1530 3571 1626 3626 136.
