2288 4036
288 1213 902 1291 PRAELECTIO
959 1212 1528 1282 TRIGESIMA
1586 1211 1999 1289 QUINTA.

233 1682 508 1735 Lucretium,
527 1683 671 1740 ipsum
690 1681 1019 1740 imprudentem,
1033 1681 1321 1740 reliyiouibus
1341 1682 1578 1727 inservire:
1604 1684 1768 1741 primo,
1792 1682 1910 1741 quod
1926 1684 2044 1735 vitoe,

295 1757 558 1815 voluptariae
591 1772 774 1816 quoque,
797 1771 931 1801 curas
957 1757 1111 1800 inanes
1139 1757 1379 1815 soepissime
1404 1757 1602 1815 deploret
1616 1779 1630 1802 .·
1664 1757 1818 1802 deiude
1849 1757 1967 1816 quod
1996 1772 2047 1801 ea

294 1832 459 1875 solatia
491 1832 655 1889 afferat
687 1847 782 1890 quce
813 1846 945 1875 mauu
977 1830 1293 1889 quodammodo
1326 1831 1387 1875 ad
1420 1832 1650 1876 veritatem
1681 1832 1848 1876 ducant
1859 1850 1880 1881 ,·
1917 1832 2046 1875 immo

284 1904 513 1960 fateatur,
545 1904 797 1949 desiderare
827 1918 875 1949 se
906 1905 1103 1949 Deorum
1135 1905 1436 1952 commercium
1451 1927 1464 1949 .·
1499 1905 1618 1964 quod
1637 1919 1779 1964 porro
1811 1904 1939 1949 avide
1970 1904 2048 1948 ab·

295 1977 440 2021 sentia
469 1977 678 2035 arripiat,
700 1978 914 2022 sermonis
944 1978 1141 2036 inopiam
1171 1978 1357 2029 incuset,
1381 1977 1530 2021 ludum
1550 1982 1682 2036 atque
1701 1977 1855 2034 jocum
1876 1991 2047 2021 averse-

297 2056 398 2095 tur:
433 2051 618 2095 maoeime
644 2066 746 2095 vero
764 2057 954 2109 propter
980 2065 1152 2095 sensum
1176 2052 1315 2104 illum,
1338 2051 1497 2110 ubique
1517 2051 1741 2108 diffusum,
1765 2057 1856 2095 tum
1877 2051 2049 2108 Infiniti

297 2140 351 2169 ac
372 2126 612 2183 Profundi,
636 2131 726 2170 tum
748 2125 910 2170 abditae
933 2126 1158 2183 cujusdam
1180 2132 1223 2170 et
1244 2132 1408 2180 exactoe
1430 2126 1802 2178 Pulchritudini&

402 2295 463 2354 U
474 2295 552 2353 AE
563 2296 619 2353 R
633 2296 682 2353 Ε
694 2295 757 2353 Ν
768 2296 818 2353 Τ
829 2295 861 2353 Ι
876 2295 930 2353 Β
941 2295 1002 2354 U
1014 2295 1058 2353 S
1117 2296 1291 2354 nobis
1347 2295 1730 2354 Lucretianae
1785 2294 2048 2355 Poeseos

443 2396 804 2472 praecipuam
836 2415 905 2453 ac
938 2395 1239 2472 propriam
1272 2395 1411 2463 vim,
1445 2394 1818 2463 Academici,
1852 2396 2047 2453 visum

241 2503 387 2562 erat,
431 2495 478 2552 si
528 2494 908 2562 meministiS‚
957 2493 1124 2551 nulla
1170 2494 1322 2551 adeo
1370 2513 1435 2551 re
1483 2493 1616 2570 capi
1669 2514 1739 2552 ac
1788 2494 2044 2552 detineri

244 2591 565 2669 Scriptoris
609 2593 897 2661 animum,
931 2599 1116 2668 atque
1156 2591 1262 2650 illo
1301 2591 1554 2650 obscuro
1586 2598 1649 2649 et
1680 2591 1917 2650 infinito
1946 2611 2051 2668 ge-

242 2710 402 2758 nere,
435 2689 699 2758 latebriS,
731 2698 801 2748 ut
832 2692 918 2748 ita
949 2691 1166 2759 dicam,
1198 2700 1261 2749 et
1291 2691 1522 2749 arcanis
1555 2689 1833 2750 Naturae.
1925 2689 2050 2748 De÷

241 2790 385 2847 inde
436 2790 634 2849 allatis
687 2791 750 2848 in
803 2810 936 2848 eam
990 2797 1223 2867 partem
1279 2790 1591 2867 exempliS‚
1648 2791 2047 2867 quaestionem

242 2886 558 2963 attigimus
618 2908 740 2945 non
799 2888 1147 2946 minimam:
1213 2908 1472 2964 quanam
1526 2888 1907 2965 potissimum
1959 2908 2051 2947 ra-

242 2986 410 3042 tione
471 2987 549 3043 sit
609 2986 858 3056 factum,
909 2995 978 3045 ut
1031 2987 1326 3066 effugeret
1373 2986 1644 3064 Scriptor
1698 2985 1770 3045 τὸ
1830 2985 2050 3068 μιαρὸν,

248 3085 436 3160 (quod
482 3094 656 3144 vocat
702 3085 1132 3163 Aristoteles);
1188 3094 1473 3145 manante
1525 3087 1710 3145 etiam
1762 3107 1870 3164 per
1921 3107 2050 3145 om-

244 3184 345 3241 nia
389 3184 518 3261 ejus
563 3187 844 3255 carmina,
891 3186 1060 3262 quasi
1106 3187 1365 3263 quadam
1404 3192 1594 3262 peste,
1627 3206 1836 3244 eorum
1877 3187 2053 3244 disci-‚-

246 3283 426 3367 plina,
475 3285 576 3361 qui
623 3285 818 3342 verbis
861 3285 1195 3362 praedicant
1242 3284 1426 3354 Deos,
1471 3304 1537 3342 re
1580 3284 1761 3362 plane
1804 3284 2048 3351 tollunt,

247 3382 385 3449 Qua
430 3383 492 3439 in
540 3402 718 3441 causa
767 3384 829 3440 id
873 3391 1002 3442 erat
1048 3392 1248 3461 caput,
1293 3384 1422 3442 fieri
1472 3384 1760 3461 potuisse,
1804 3390 1874 3441 ut
1922 3403 2045 3442 non

244 3503 353 3540 sua
410 3484 653 3559 penitus
707 3482 901 3559 eulpa,
956 3483 1061 3540 sed
1113 3484 1392 3541 amentiae
1453 3502 1590 3552 suae,
1643 3489 1923 3561 peccaret
1983 3483 2046 3541 in

248 3580 412 3649 Deos
459 3581 800 3642 Lucretius.
896 3581 1097 3640 Pauca
1155 3582 1360 3668 itaque
1412 3582 1719 3659 disputata
1776 3589 1916 3640 sunt
1972 3583 2048 3640 de
