2288 4036
180 223 334 255 PRAEL.
358 223 483 254 xxv.
542 206 960 275 opportunitatem
985 223 1188 274 quoque,
1215 203 1380 256 sedulo
1406 214 1677 274 arreptam.
1826 209 1933 259 513

237 332 561 405 ‘Praeterea
590 348 927 415 videndum,
968 367 1043 405 an
1086 356 1271 427 καῖρος
1314 348 1416 405 ille
1446 348 1546 423 qui
1583 348 1816 418 dicitur,
1856 352 1930 407 de

178 466 292 521 quo
349 452 441 501 tot
499 451 624 501 tam
681 445 882 520 gravia
938 444 1118 501 habet
1177 446 1568 519 undequaque
1637 454 1929 521 praecepta

91 603 95 607 ἢ
178 542 478 607 Pindarus,
510 560 627 597 non
672 541 848 598 aliam
893 541 969 598 ob
1008 559 1243 598 causam
1276 542 1506 598 venerit
1545 542 1599 598 ei
1647 542 1823 599 toties
1866 544 1927 598 in

174 646 456 706 mentem,
507 656 683 712 quam
735 636 893 711 quod
952 656 1028 694 ex
1085 657 1156 695 eo
1209 637 1483 714 neglecto
1535 637 1629 695 vel
1688 646 1923 714 arrepto

172 734 426 808 pendeat
477 735 748 791 universa
798 734 921 790 fere
973 735 1210 791 fortuna
1261 735 1634 792 certantium.
1729 735 1801 792 Id
1854 736 1928 792 si-

173 817 300 904 quis
345 831 541 886 animo
583 836 804 897 teneat,
851 831 1071 904 aequius
1115 831 1361 888 fortasse
1406 832 1556 889 ferat
1601 831 1925 889 sententias

92 910 101 917 ¹
172 925 315 991 illas,
351 925 544 982 decies
574 926 730 1000 apud
762 944 900 981 eum
931 926 1213 1001 repetitas
1232 935 1285 983 a:

521 1061 667 1116 καῖρον
688 1059 726 1101 εἷ
746 1058 976 1117 φθέγξαιο,
998 1062 1178 1104 πολλῶν

519 1128 699 1188 πείρατα
719 1129 1001 1186 ξυντανύσαις
1022 1131 1067 1175 ἐν
1085 1133 1259 1188 βραχεῖ,

518 1202 647 1258 μείων
667 1201 811 1246 ἕπεται
831 1207 977 1259 μῶμος
996 1203 1244 1261 ἀνθρώπων.

166 1325 316 1382 Tum
347 1325 448 1382 illa
457 1323 501 1393 ¹³,

398 1446 544 1503 ἀρεταὶ
566 1446 602 1490 δ’
625 1446 707 1490 αἷεὶ
726 1447 912 1506 μεγαλαὶ
933 1445 1191 1504 πολύμυθοι·

395 1521 499 1571 βαΐα
521 1518 557 1563 δ’
581 1519 626 1564 ἐν
644 1522 850 1578 μακροῖσι
871 1521 1128 1572 ποικίλλειν,
1149 1520 1258 1565 ἀκοὰ
1279 1523 1454 1579 σοφοῖς·
1486 1519 1509 1564 ὃ
1532 1520 1580 1565 δὲ
1601 1524 1745 1579 καῖρος
1765 1523 1920 1579 ὁμοίως

395 1592 553 1636 παντὸς
573 1591 664 1649 ἔχει
685 1593 894 1651 κορυφάν.

247 1725 366 1784 Sed
407 1728 547 1802 quid
593 1747 703 1805 ego
753 1730 923 1805 plura
967 1730 1040 1787 de
1086 1749 1167 1786 re.
1198 1731 1338 1788 satis
1381 1739 1691 1806 perspecta
1737 1739 1916 1806 atque

161 1824 434 1900 cognita?
498 1824 706 1882 Liceat
735 1828 912 1884 modo
944 1826 1327 1884 concludenti
1356 1828 1514 1885 hunc
1545 1828 1758 1896 locum,
1782 1847 1915 1904 pro-

163 1918 311 1976 ferre
354 1919 502 1977 illud
546 1923 955 1980 suavissimum
997 1923 1070 1979 de
1115 1930 1283 1998 patre
1314 1925 1551 1981 victoris
1596 1924 1670 1981 ab
1714 1924 1914 1982 inferis

160 2017 436 2082 excitam,
485 2036 560 2075 ne
610 2020 834 2076 recenti
887 2019 1098 2095 palmae
1148 2020 1378 2077 deesset
1429 2021 1598 2078 testis
1645 2021 1910 2076 omnium

124 2191 130 2199 Ι
158 2116 635 2190 exoptatissimus
654 2124 695 2174 ⁰.

385 2260 666 2318 μελαντειχέα
687 2263 760 2304 νῦν
781 2261 913 2317 δόμον
934 2262 1216 2318 Φερσεφόνας
1235 2257 1311 2312 ἴθι,
1331 2258 1472 2317 Ἀχοῖ,

384 2333 516 2390 πατρὶ
541 2333 699 2376 κλυτὰν
718 2331 893 2391 φέροισ’
915 2333 1137 2391 ἀγγελίαν,
1160 2332 1413 2389 Κλεόδαμον
1437 2331 1559 2390 ὄφρα
1583 2328 1713 2375 'loom‘
1736 2332 1827 2375 υἱὸν
1849 2329 1906 2374 εἵ-

443 2422 540 2460 πης,
562 2404 628 2448 ὅτι
650 2406 690 2448 οἱ
711 2406 808 2448 νεὰν

386 2475 667 2534 ἐστεφάνωσε
688 2477 873 2534 κυδίμων
892 2476 1059 2521 ἀέθλων
1077 2479 1279 2534 πτεροῖσι
1298 2476 1466 2533 χαίταν.

154 2604 444 2680 Equidem
488 2606 583 2663 vel
634 2607 808 2663 unico
854 2605 957 2662 illo
1005 2606 1191 2663 fretus
1237 2605 1512 2680 exemplo
1557 2606 1903 2664 confirmare

151 2703 413 2770 audeam,
449 2723 568 2760 non
608 2705 810 2779 inepte
854 2704 1130 2780 conjungi
1175 2722 1345 2779 posse
1390 2722 1594 2760 omnes
1636 2705 1901 2761 omnium

150 2800 418 2858 caritates
466 2820 602 2857 cum
653 2820 772 2856 uno
818 2800 920 2857 illo
970 2800 1100 2856 loco
1153 2801 1227 2857 de
1277 2800 1635 2857 athletarum
1678 2802 1898 2876 gestis;

149 2915 337 2971 neque
379 2898 526 2954 adeo
570 2897 877 2973 indignum
921 2915 1058 2953 eum
1099 2915 1243 2965 esse,
1293 2897 1395 2972 qui
1440 2897 1570 2954 fons
1614 2904 1676 2954 et
1720 2906 1899 2973 caput

150 2993 428 3052 universae
473 2993 802 3050 Pindaricae
848 2992 1103 3050 Poeseos
1146 2994 1455 3051 habeatur.
1544 2993 1776 3052 Verum
1823 2995 1898 3051 de

149 3105 218 3142 ea
245 3106 307 3143 re
336 3088 554 3144 certius
584 3088 696 3144 erit
729 3089 1041 3163 judicium,
1074 3095 1387 3164 postquam
1428 3089 1733 3146 absolvero
1764 3108 1895 3145 eam

147 3191 371 3257 partem
412 3184 618 3257 operis,
664 3184 737 3240 de
773 3203 889 3258 qua
931 3185 1200 3260 proxime
1243 3185 1558 3242 dicendum
1598 3185 1728 3248 erit,
1760 3203 1894 3259 quae

201 3442 223 3464 ἃ
253 3436 381 3491 Pytk.
409 3450 446 3479 1.
474 3437 569 3490 156.
867 3439 890 3469 b
914 3439 1034 3483 Ibid.
1057 3454 1100 3496 9.
1124 3440 1195 3494 56.
1500 3447 1520 3469 c
1555 3441 1624 3485 Ol.
1646 3440 1730 3483 xiv.
1760 3439 1830 3482 28.

978 3531 1012 3568 L
1042 3514 1060 3568 l
