2288 4036
180 141 334 175 PRAEL.
356 141 504 173 xxm.
583 123 695 174 Cur
719 121 782 173 Io
805 137 951 173 sumn
974 121 1191 173 dolorem
1215 120 1551 172 adamaverit.
1823 123 1931 173 443

184 266 401 340 Ecquis
458 273 651 342 neget,
708 267 782 322 ad
840 266 1089 321 eandem
1148 265 1270 321 fere
1327 282 1592 320 normam
1653 267 1945 339 componi*

183 379 352 436 posse
409 369 823 417 sexcentorum
875 361 996 417 sive
1051 360 1512 417 adolescentium
1572 360 1692 415 sive
1746 361 1925 416 etiam

183 456 510 532 puellarum
539 456 817 513 annales?
865 475 980 530 qua
1010 462 1190 512 aetate
1220 455 1412 512 solent
1440 454 1704 530 plerique
1734 454 1926 511 efferri

181 572 283 627 spe
333 560 395 610 et
445 553 718 628 cupidine
767 553 828 608 in
878 553 1101 627 majora
1148 553 1346 608 omnia
1395 571 1463 608 ac
1515 550 1926 627 splendidiora,

180 667 355 722 quam
403 668 508 723 pro
555 647 796 704 modulo
839 647 1081 705 humani
1127 647 1374 724 generis,
1411 647 1631 703 nedum
1672 665 1776 721 pro
1821 665 1927 704 sua

177 745 600 801 mediocritate.

260 841 435 908 Quod
479 848 679 899 autem
723 841 897 898 finxit
926 839 1235 916 AEschylus
1278 838 1432 898 allici
1478 855 1610 895 eam
1652 838 1714 894 in
1756 847 1926 914 prata

178 935 441 1003 Lernaea,
487 937 548 993 in
598 956 813 1013 pascua
863 943 926 994 et
975 935 1152 993 ovilia
1199 935 1380 1011 patris
1430 933 1674 1001 Inachi;
1726 935 1923 992 nescio

174 1050 313 1088 sane
356 1051 430 1088 an
469 1032 616 1089 illud
656 1033 981 1109 significare
1021 1031 1291 1099 voluerit,
1329 1031 1486 1105 quod
1531 1029 1752 1087 habent
1797 1049 1925 1087 mo-

174 1127 551 1184 lestissimum
589 1130 945 1204 perturbatae
979 1129 1270 1203 juvenum
1314 1133 1582 1194 mentes3
1624 1126 1921 1182 insinuare

173 1242 235 1280 se
265 1223 540 1281 videlicet
578 1226 738 1281 miris
781 1225 972 1282 modis
1007 1243 1221 1281 novam
1252 1241 1383 1280 eam
1413 1222 1918 1297 perturbationem

171 1319 230 1374 in
275 1318 404 1376 loca
445 1320 584 1394 ipsa,
617 1339 751 1395 quae
794 1321 1054 1377 maxime
1100 1320 1217 1375 sint
1261 1317 1473 1392 cuique
1513 1316 1822 1374 familiaria
1856 1326 1919 1374 et

168 1419 352 1490 grata,
397 1414 490 1472 vel
534 1415 960 1472 consuetudine
1006 1414 1272 1489 pueritiae
1316 1412 1410 1470 vel
1455 1413 1741 1470 memoria
1787 1431 1918 1488 pro-

170 1510 538 1584 pinquorum.

254 1604 435 1663 Porro
466 1607 678 1674 videte,
710 1626 882 1682 quam
929 1607 1163 1683 penitus
1204 1606 1497 1663 insideant
1528 1604 1918 1681 cogitationes

167 1703 298 1759 istae
328 1702 386 1758 in
418 1703 641 1760 intimis
670 1703 1030 1760 misellorum
1062 1703 1352 1760 cordibus.
1433 1701 1658 1759 Eadem
1691 1701 1915 1758 scilicet

169 1797 258 1864 Ic,
300 1797 475 1874 longo
518 1813 652 1873 post
694 1806 978 1874 tempore,
1020 1799 1280 1856 cruciata
1321 1804 1384 1855 et
1428 1817 1600 1872 poene
1644 1798 1916 1854 confecta

165 1893 472 1960 erroribuS,
499 1895 659 1950 venit
686 1894 1048 1951 sciscitatum
1075 1893 1360 1951 Dodonaei
1391 1892 1431 1950 J
1435 1894 1558 1950 ovis
1590 1889 1855 1950 oracula‘¹
1878 1911 1893 1948 ε

1139 2030 1205 2056 ινα

512 2086 687 2140 μαντεῖα
709 2085 836 2129 θᾶκός
855 2083 890 2128 τ’
914 2084 1011 2129 ἐστὶ
1034 2087 1301 2139 Θεσπρωτοῦ
1323 2086 1441 2135 Διὸς,

512 2157 637 2213 τέρας
657 2157 692 2200 τ’
716 2156 915 2208 ἄπιστον,
937 2158 979 2199 αἱ
1000 2155 1271 2214 προσήγοροι
1294 2156 1431 2213 δρύες*

512 2227 587 2285 ὑφ’
610 2229 668 2272 ὧν

166 2302 272 2376 (sic
302 2303 485 2377 ipsam
516 2302 835 2377 alloquitur
864 2308 1052 2379 vates)

710 2394 767 2438 σὺ
786 2396 995 2452 λαμπρῶς
1015 2393 1049 2437 κ’
1072 2394 1196 2438 οὐδὲν
1215 2391 1486 2452 αἰνικτηρίως

509 2465 864 2523 προσηγορεύθης
883 2465 908 2521 ἡ
931 2466 1032 2511 Διὸς
1052 2464 1194 2520 κλεινὴ
1216 2465 1356 2522 δάμαρ

509 2535 722 2592 μέλλουσ’
745 2537 941 2581 ἔσεσθαι·
975 2541 1071 2581 τῶν
1101 2537 1154 2580 δὲ
1179 2537 1500 2593 προσσαίνει
1531 2536 1593 2581 σε’
1622 2555 1684 2581 τι,

161 2650 514 2708 Brevissime
564 2658 626 2708 et
674 2653 1010 2709 acutissime
1061 2653 1276 2728 tetigit,
1315 2652 1558 2709 dimidio
1602 2651 1908 2719 versicu10,

159 2747 486 2804 mirandam
512 2764 651 2803 sane
679 2765 804 2803 rem
827 2766 839 2804 :
879 2747 1138 2805 adamari
1160 2747 1595 2822 quodammodo
1625 2766 1660 2803 a
1687 2746 1907 2804 talibus

159 2843 564 2918 aegritudinem
622 2860 806 2899 suam.
905 2841 1222 2918 Agnovere
1274 2861 1494 2900 coecam
1550 2849 1612 2899 et
1668 2844 1903 2899 inanem

159 2954 342 3009 spem,
372 2936 727 2994 acerbissimi
758 2938 973 2995 doloris
1003 2939 1316 3006 comitem3
1366 2958 1435 2996 ea
1463 2944 1665 2995 tamen
1710 2957 1903 3012 neque

157 3030 328 3087 facile
373 3039 588 3099 carent,
635 3052 824 3108 neque
867 3053 984 3090 non
1030 3034 1200 3091 avide
1247 3040 1488 3109 captant
1523 3041 1733 3091 tenues
1777 3034 1903 3109 ejus

157 3127 319 3200 quasi
346 3127 632 3203 reliquias,
664 3129 838 3206 longo
868 3127 1179 3186 intervallo
1209 3129 1426 3185 iterum
1457 3129 1640 3186 semel
1670 3130 1837 3186 visas,

868 3336 884 3361 ‘¹
906 3337 1051 3380 Prom.
1074 3337 1176 3393 829.
