2288 4036
266 188 374 241 782
459 187 572 239 Cur
590 187 914 257 Epicureum
938 195 1074 240 sonet
1099 186 1359 239 interdum
1388 184 1662 256 Viryilius.
1691 204 1852 238 PRAEL.
1874 204 2065 236 xxx1x.

266 350 508 387 carmen
554 330 1034 398 celeberrimum,
1071 333 1200 405 J'am
1247 338 1388 388 ante
1420 350 1455 387 a
1491 330 1664 387 nobis
1709 350 1829 388 non
1875 330 2062 388 semel

177 432 180 434 ’
264 428 581 485 laudatum
593 436 634 484 ³.

509 538 631 582 Felix
654 538 733 596 qui
754 538 904 595 potuit
925 552 1079 582 rerum
1102 552 1376 597 cognoscere
1398 553 1557 582 causas
1579 555 1587 582 :
1617 572 1625 582 .
1653 571 1662 581 .
1690 571 1699 582 .

510 611 606 664 Sin,
629 611 713 656 has
735 627 793 656 ne
814 612 988 670 possim
1010 619 1185 657 naturae
1208 612 1418 657 accedere
1440 620 1605 671 partes,

506 685 719 744 Frigidus
741 686 966 730 obstiterit
989 686 1107 731 circa
1127 685 1376 744 praecordia
1399 687 1601 745 sanguis,

507 758 632 804 Rura
648 759 762 803 mihi
784 766 828 803 et
850 759 970 818 rigui
991 761 1198 817 placeant
1218 759 1267 803 in
1288 759 1483 804 vallibus
1506 775 1678 804 amnes.

353 872 652 949 Equidem
687 873 890 930 videre
937 872 1086 929 mihi
1119 872 1327 930 videor
1357 874 1521 950 tangi
1562 872 1659 931 hic
1692 893 1726 931 a
1759 872 2065 949 Scriptore

264 972 612 1030 acutissimo
661 973 925 1030 diversas
956 991 1077 1029 non
1117 971 1312 1030 solum
1346 971 1606 1031 Poeseos
1639 992 1848 1030 verum
1881 972 2066 1029 etiam

265 1071 677 1149 Philosophiae
723 1079 940 1148 partes,
974 1090 1121 1147 quas
1167 1071 1352 1129 tribui
1402 1071 1550 1129 velit
1596 1078 1729 1128 tum
1775 1071 1886 1129 sibi
1933 1077 2065 1128 tum

267 1170 552 1228 Lucretio
579 1190 590 1228 ε
659 1191 778 1228 non
834 1172 962 1228 sine
1011 1169 1228 1228 festiva
1281 1171 1557 1247 quadam,
1605 1177 1805 1247 atque,
1860 1177 1930 1228 ut
1982 1171 2068 1227 ita

264 1270 479 1339 dicam,
557 1268 885 1336 Socratica,
964 1269 1287 1327 verecundi
1364 1270 1547 1327 animi
1608 1269 2067 1348 significatione.

265 1368 434 1445 Nam>
475 1368 630 1427 solet
671 1368 833 1445 apud
879 1367 1201 1426 Platonem
1250 1368 1548 1434 Socrates,
1581 1368 1672 1425 uti
1718 1369 1924 1436 nostis,
1957 1369 2069 1424 im-

262 1488 470 1545 parem
502 1468 980 1526 adversariorum
1016 1468 1260 1545 ingenio
1296 1475 1427 1524 tum
1471 1467 1737 1524 maxime
1769 1486 1832 1524 se
1873 1466 2067 1535 fateri,

265 1588 405 1626 cum
467 1568 708 1645 penitus
758 1568 889 1644 jam
943 1567 1018 1624 ab
1073 1567 1195 1624 imo
1250 1586 1566 1625 eversurus
1619 1574 1711 1623 est
1762 1566 2070 1624 universas

265 1685 475 1723 eorum
508 1666 790 1724 rationes,

345 1766 568 1823 Itidem
595 1764 1051 1822 “fortunatum”
1084 1763 1351 1841 appellat
1381 1762 1572 1830 illum,
1599 1763 1808 1821 “Deos
1832 1764 1933 1840 qui
1966 1782 2072 1819 no-

265 1867 353 1924 vit
378 1872 645 1943 agrestes
667 1864 714 1922 :”
757 1864 860 1940 qui
891 1870 1099 1920 mente
1132 1862 1363 1921 scilicet
1394 1862 1718 1938 animoque
1742 1869 2073 1940 auguratur

266 1984 451 2042 prope
475 1985 544 2022 ac
577 1983 751 2042 paene
777 1984 979 2022 coram
1012 1963 1220 2021 adesse
1252 1964 1314 2020 in
1340 1963 1505 2020 omni
1537 1961 1670 2020 loco
1703 1962 1904 2020 nescio
1925 1962 2070 2038 quid

267 2063 588 2141 plusquam
637 2064 1007 2122 humanum:
1056 2064 1279 2140 quique
1312 2062 1390 2120 ob
1422 2082 1557 2119 eam
1595 2062 1785 2138 ipsam
1828 2080 2070 2119 causam

267 2173 301 2196 ‘⁶
336 2163 587 2221 flumina
618 2171 783 2222 amat
816 2163 1130 2240 sylvasque
1162 2161 1502 2240 inglorius‚”
1535 2160 1695 2237 quod
1728 2161 1887 2218 inter
1918 2163 2073 2237 ejus-

267 2264 431 2321 modi
457 2263 814 2322 solitudines
840 2271 875 2295 “
896 2263 1352 2340 praesentiorem
1385 2260 1789 2337 conspicimus
1814 2259 2074 2319 Deum.”

357 2361 681 2433 Praeterea,
730 2362 893 2439 quod
948 2360 1245 2439 Virgilius
1304 2359 1628 2443 aliquando
1689 2359 1927 2417 locutus
1980 2367 2072 2418 est

269 2461 570 2539 Epicureo
619 2462 739 2519 ritu
786 2460 861 2517 de
909 2460 1308 2518 morientibus
1331 2458 1633 2536 z--quale‚
1665 2458 1831 2516 verbi
1878 2478 2070 2527 causa,

268 2569 360 2620 est
392 2560 543 2619 illud
555 2557 602 2629 b,

513 2663 605 2708 Olli
629 2662 744 2707 dura
766 2663 893 2722 quies
916 2663 1074 2708 oculos
1098 2670 1141 2707 et
1163 2663 1335 2707 ferreus
1358 2670 1491 2722 urget

445 2753 464 2770 ι
512 2735 715 2781 Somnus
737 2753 745 2780 :
781 2737 827 2781 in
851 2744 1068 2782 aeternam
1092 2736 1370 2782 clauduntur
1390 2737 1566 2782 lumina
1588 2744 1795 2782 noctem:

268 2851 369 2926 qui
404 2868 610 2907 versus
643 2848 840 2908 solent
881 2851 1176 2926 imprimis
1217 2850 1469 2927 proferri
1501 2850 1577 2908 ab
1608 2850 1699 2919 iis,
1732 2849 1835 2926 qui
1867 2849 1929 2905 in
1961 2848 2071 2906 hac

269 2969 448 3007 causa
473 2948 680 3006 Poetae
704 2969 918 3026 parum
951 2949 1158 3007 favent
1179 2948 1685 3007 t-—Homericum
1711 2947 1889 3025 plane
1913 2954 2071 3005 estc:

816 3058 1060 3117 κοιμήσατο
1081 3060 1273 3119 χάλκεον
1295 3059 1444 3105 ὕπνον.

272 3157 544 3215 Homero
576 3164 783 3215 autem
815 3178 996 3216 nemo
1027 3178 1312 3235 unquam,
1335 3159 1560 3235 opinor,
1594 3158 1872 3235 frigidam
1904 3156 2070 3214 illam

269 3256 485 3314 tribuit
547 3258 931 3324 sententiam,
993 3258 1384 3315 morientium
1451 3257 1680 3315 animas
1741 3256 1948 3314 statim
2009 3256 2071 3312 in

209 3388 211 3391 >
269 3374 442 3413 auras
473 3360 657 3431 atque
688 3355 840 3413 adeo
872 3357 934 3413 in
965 3355 1224 3414 nihilum
1261 3357 1443 3415 abire.
1536 3355 1734 3412 Immo
1768 3374 1908 3412 vero
1940 3354 2073 3431 quis

268 3452 478 3520 nescit,
526 3452 821 3528 ejusmodi
877 3454 1054 3511 dictis
1108 3455 1358 3511 minime
1413 3453 1767 3531 plerumque
1829 3453 2072 3510 subesse

361 3633 385 3657 ἃ
422 3626 580 3683 Geory.
609 3640 649 3670 2.
675 3641 779 3684 490.
982 3630 998 3657 ἱ)
1034 3629 1149 3672 AEn.
1181 3642 1248 3672 10.
1277 3639 1377 3687 745.
1565 3635 1585 3657 c
1618 3626 1752 3670 Iliad.
1782 3639 1851 3669 11.
1878 3638 1979 3679 241.
