2288 4036
327 194 439 247 540
557 192 830 248 Puerilem
854 192 1078 247 indolem
1102 212 1216 247 cum
1245 194 1444 266 ἀφοβίᾳ
1468 194 1725 268 οοη]”ἰι7ι9’ἱ.
1771 216 1931 274 PRAEL:
1950 217 2121 251 xxvn.

411 340 608 419 Atqui
647 342 764 400 hoc
805 342 953 400 illud
998 349 1127 401 erat
1158 342 1268 414 (sic
1305 343 1469 401 enim
1513 346 1997 422 respondendum
2034 365 2126 403 ar-

325 440 516 498 bitror
558 440 904 517 hujusmodi
947 440 1297 518 scrupulum
1339 443 1772 522 injicientibus)
1811 443 1971 520 quod
2015 463 2126 520 pu-

324 546 517 597 taram
549 540 678 598 fieri
710 539 961 598 consilio
1006 539 1328 617 plusquam
1373 541 1656 610 human0‚
1690 543 1874 619 siquis
1906 543 2127 600 Poeta-

323 658 476 708 rum,
507 647 578 697 ut
610 638 906 698 Pindarus
946 647 1168 708 noster,
1201 642 1530 699 servaverit
1574 642 1637 699 in
1682 641 1862 700 simili
1908 642 2127 700 severi-

322 746 452 796 tate
483 738 741 816 simplex
782 738 935 796 illud
973 746 1036 798 et
1075 741 1368 810 nativum,
1400 748 1584 817 atque
1616 740 1711 815 (ut
1739 742 1800 799 id
1833 742 1995 818 quod
2031 761 2125 799 res

323 845 416 894 est
457 835 679 914 dicam)
721 836 972 914 puerile.
1064 837 1247 896 Certe
1279 839 1379 915 qui
1428 839 1544 896 isto
1586 839 1770 897 fuerit
1814 840 2032 909 animo,
2075 841 2126 898 is

321 955 567 995 necesse
607 943 701 995 est
750 935 931 1015 longo
977 937 1298 997 intervallo
1341 938 1632 1016 despiciat
1673 938 1889 1018 vulgus
1932 939 2128 998 homi-

320 1055 485 1104 num,
516 1037 860 1114 passimque
891 1037 1115 1107 videat,

682 1183 847 1228 Errare
868 1190 1003 1244 atque
1024 1183 1145 1229 viam
1166 1185 1371 1243 palantes
1394 1200 1595 1244 quaerere
1616 1184 1737 1239 vitae,

687 1257 869 1303 Certare
890 1258 1090 1317 ingenio,
1111 1258 1384 1303 contendere
1406 1259 1659 1313 nobilitate,

683 1332 856 1378 Noctes
878 1340 1013 1393 atque
1035 1332 1131 1377 dies
1154 1333 1237 1377 niti
1259 1339 1504 1391 praestante
1523 1333 1679 1379 labore

683 1407 760 1452 Ad
780 1423 985 1453 summas
1009 1423 1237 1467 emergere
1261 1423 1387 1467 opes,
1409 1424 1655 1469 rerumque
1675 1409 1827 1468 potiri.

408 1534 510 1594 Ne
561 1534 796 1606 multa3
869 1537 1092 1595 scimus
1152 1555 1379 1604 omnes,
1435 1535 1712 1594 extitisse
1766 1535 1924 1593 viros
1983 1535 2125 1594 forti

317 1654 661 1713 magnoque
700 1636 920 1706 animO,
954 1636 1057 1713 qui
1103 1643 1230 1694 tam
1273 1636 1400 1694 vita
1431 1655 1613 1712 quam
1656 1643 1852 1693 morte
1898 1635 2128 1694 festivi-

318 1742 509 1793 tatem
539 1736 840 1812 quandam
872 1756 995 1814 prae
1028 1755 1092 1795 se
1122 1735 1395 1804 tulerint,
1422 1736 1689 1794 ineuntis
1716 1736 1911 1794 aetatis
1936 1736 2126 1794 ferme

316 1836 654 1912 propriam:
718 1856 976 1913 quorum
1036 1835 1321 1914 exempla
1373 1855 1513 1894 cum
1575 1834 1818 1896 intueor
1869 1843 1933 1894 et
1986 1856 2128 1894 con-

317 1936 596 2014 templor,
643 1957 766 1995 non
811 1957 1057 2015 possum
1103 1939 1250 2014 quin
1288 1938 1583 2015 judicem,
1631 1937 2001 1997 hilaritatem
2050 1939 2128 1998 is-

317 2043 446 2095 tam
483 2057 624 2096 cum
660 2038 789 2116 ipsa
826 2037 933 2097 illa
969 2037 1253 2116 praeclara
1283 2038 1643 2096 fortitudine
1672 2038 1949 2116 proxime
1986 2058 2128 2097 con-

305 2137 504 2216 jungi.

403 2235 615 2315 Atque
659 2236 822 2296 haud
868 2238 991 2296 scio
1038 2258 1115 2296 an
1160 2238 1280 2296 huc
1325 2238 1579 2297 fortasse
1623 2240 1976 2316 respexerit,
2019 2239 2119 2298 ali-

316 2357 437 2415 qua
487 2336 704 2403 saltem
764 2358 842 2396 ex
895 2344 1086 2416 parte,
1141 2338 1380 2396 divinus
1431 2337 1537 2396 ille
1590 2358 1805 2409 serm0,
1860 2341 1964 2417 qui
2015 2359 2125 2399 nos

316 2437 562 2496 edocuit
610 2439 915 2517 egregiam
957 2437 1285 2496 infantium
1331 2458 1575 2515 quoque
1622 2459 1946 2516 puerorum
1995 2439 2126 2518 dig-

316 2532 573 2591 nitatem
621 2541 685 2592 et
730 2534 947 2594 decus:
1003 2553 1227 2612 nempe
1273 2535 1403 2593 “ad
1449 2534 1619 2603 tales,
1655 2537 1795 2613 jure
1841 2536 2121 2613 quodam,

315 2651 615 2692 summam
669 2634 1007 2694 divinarum
1061 2635 1334 2692 omnium
1398 2642 1462 2693 et
1522 2635 1861 2695 caelestium
1919 2656 2123 2695 rerum

315 2733 620 2808 pertinere
645 2734 723 2791 ³3⁹

404 2831 527 2890 Sed
558 2834 876 2892 redeamus
906 2834 982 2892 ad
1009 2833 1362 2893 Pindarica:
1411 2854 1666 2911 quorum
1700 2836 1995 2893 rationem
2018 2835 2121 2911 qui

315 2930 464 2989 velit
493 2933 832 2991 accuratius
864 2934 1168 3010 expedire,
1192 2934 1242 2992 is
1274 2953 1491 2992 censeo
1531 2935 1720 3012 probe
1757 2942 1965 2993 teneat
1996 2935 2120 2992 vim

314 3031 646 3089 senectutis
692 3031 1028 3108 tranquillae
1073 3053 1143 3091 ac
1187 3032 1394 3111 paullo
1438 3032 1769 3092 hilarioris:
1816 3054 1949 3111 quae
1979 3054 2119 3092 cum

313 3130 498 3190 nullis
531 3132 770 3209 jamdiu
811 3133 1071 3193 stimulis
1103 3135 1181 3193 sit
1212 3135 1477 3193 obnoxia
1520 3155 1635 3193 nec
1674 3136 1971 3213 cupidinis
2016 3155 2121 3193 ne-

315 3251 433 3308 que
469 3231 864 3310 aegritudinis,
902 3233 1175 3291 nondum
1221 3241 1429 3292 tamen
1474 3253 1720 3292 suavem
1756 3234 2121 3311 jucundam-

314 3350 434 3408 que
498 3332 776 3409 pueritiae
844 3333 1202 3392 memoriam
1269 3354 1306 3392 a
1369 3353 1433 3392 se
1501 3353 1742 3411 prorsus
1805 3333 2115 3392 dimiserit.

316 3430 543 3490 Nonne
586 3433 1000 3509 paratissimus
1045 3434 1121 3492 ad
1170 3434 1365 3493 minas
1410 3453 1620 3492 omnes
1665 3440 1850 3511 atque
1894 3433 1971 3492 ad
2015 3433 2119 3492 ad-

1000 3655 1029 3680 a
1047 3648 1094 3693 S.
1116 3648 1262 3694 Marc.
1286 3665 1329 3694 x.
1360 3663 1429 3705 14.
