2288 4036
381 170 491 227 494
657 165 739 222 De
765 169 1020 221 Praecone
1043 175 1090 220 et
1114 165 1476 235 Jurejurando
1507 165 1788 237 Olympico.
1868 185 2028 219 PRAEL.
2052 182 2181 221 XXV.

380 312 607 382 Quidni
641 332 714 371 eo
745 311 1015 370 alluserit
1049 311 1363 380 PindaruS,
1398 319 1533 369 tum
1563 311 1680 380 hic,
1715 319 1846 370 tum
1891 313 1994 371 ubi
2027 313 2183 370 cele-

378 410 515 470 brat
548 407 946 478 Arcesilamd,

1048 526 1207 585 ἔχοντα
1229 526 1494 573 Πυθώνοθεν

742 602 793 646 τὸ
817 599 1069 645 καλλίνικον
1091 598 1301 658 λυτήριον
1322 600 1521 646 δαπανᾶν

741 673 882 732 μέλος
900 675 1070 732 χαρίεν,

380 787 515 839 tum
545 779 769 856 alioqui
799 799 922 836 non
954 778 1183 838 semel?
1255 778 1483 837 Decuit
1515 777 1799 838 videlicet
1830 797 1968 838 eum
2003 783 2186 860 scrip-

379 885 596 948 torem,
651 879 750 936 cui
810 898 937 955 prae
991 878 1222 936 caeteris
1278 878 1396 935 fuit
1447 879 1511 936 in
1566 879 1795 938 deliciis
1848 900 1943 939 res
1991 883 2185 940 omnis

380 974 722 1052 Olympica,
753 993 893 1030 cum
927 973 1241 1051 voluptate
1274 974 1534 1050 quadam
1579 974 1927 1033 meminisse
1973 982 2186 1035 cantus

379 1075 584 1142 etiam,
616 1073 720 1150 qui
751 1073 827 1131 ad
859 1091 1000 1131 eum
1043 1071 1246 1131 locum
1287 1073 1651 1149 pertinebat.
1742 1072 1991 1143 Verum,
2025 1075 2187 1150 quod

377 1174 455 1231 ad
485 1191 820 1251 praeconem
855 1171 1096 1242 attinet,
1121 1171 1329 1230 audite
1359 1191 1522 1230 nunc
1554 1171 2034 1250 elegantissimos
2058 1192 2186 1232 ver-

409 1291 479 1330 us
498 1280 522 1307 θ
542 1293 555 1330 :

379 1291 407 1331 S
744 1350 783 1398 εἷ
805 1352 842 1398 δ’
866 1351 1033 1411 ἐτύμως
1053 1352 1138 1398 ὑπὸ
1163 1351 1398 1398 Κυλλάνας
1419 1350 1539 1410 ὅροις

740 1427 934 1488 Ἀγησία
954 1428 1154 1486 μάτρωες
1175 1427 1330 1487 ἄνδρες

743 1500 1027 1555 ναιετάοντες,
1050 1502 1281 1560 ἐδώρησαν
1302 1502 1413 1547 θεῶν
1432 1503 1596 1561 κάρυκα
1616 1503 1762 1549 λιταῖς
1782 1502 1972 1556 θυσίαις,

742 1576 894 1620 πολλὰ
916 1575 968 1633 δὴ
990 1578 1249 1629 πολλοῖσιν,
1270 1575 1452 1634 Ἑρμᾶν,
1475 1575 1774 1629 εὐσεβέως·-

381 1681 690 1758 (Pulchre,
727 1687 798 1739 ut
844 1688 975 1738 erat
1021 1680 1235 1740 talium
1283 1699 1487 1739 rerum
1532 1681 1947 1757 peritissimus,
1991 1684 2189 1761 tangit

379 1782 510 1858 ejus
551 1780 663 1837 viri
707 1780 1064 1857 prosapiam,
1098 1780 1283 1853 domi,
1315 1799 1453 1839 suos
1497 1779 1657 1838 intra
1699 1788 1960 1850 montes,
1988 1783 2190 1840 fruen-

379 1886 509 1937 tem
554 1877 707 1935 ruris
753 1876 1082 1936 honoribus
1128 1886 1192 1936 et
1236 1879 1399 1937 avita
1443 1877 1754 1957 religione.
1848 1879 2036 1938 Porro
2085 1901 2191 1939 au-

380 1986 527 2048 tem,
551 1977 865 2035 nominato
899 1976 1229 2048 Mercurio,
1256 1978 1537 2036 meminit
1569 1979 1776 2038 statim
1805 1979 2000 2039 Poeta
2028 1980 2190 2040 illius

380 2078 689 2157 praeconiS,
721 2077 824 2153 qui
855 2096 1003 2135 voce
1034 2076 1327 2156 Agesiam
1363 2097 1487 2136 non
1527 2079 1615 2137 ita
1656 2079 1892 2156 pridem
1924 2080 2191 2139 celebra-

380 2182 587 2245 verat3
633 2175 883 2252 ejusque
928 2182 1145 2252 partes,
1180 2176 1341 2234 felici
1386 2177 1647 2253 quadam
1686 2179 1968 2248 versutia,
1999 2185 2193 2238 trans-

381 2275 500 2334 fert
531 2276 608 2334 ad
640 2273 914 2332 Deorum
945 2295 1283 2352 praeconem
1311 2278 1442 2354 3)—

745 2389 793 2438 ὃς
814 2390 985 2452 ἅγωνας
1005 2392 1114 2451 ἔχει,
1136 2393 1295 2451 μοῖράν
1315 2390 1351 2438 τ’
1375 2391 1546 2437 ἀέθλων

744 2465 980 2524 Ἀρκαδίαν
1001 2464 1038 2511 τ’
1062 2466 1248 2526 εὐάνορα
1269 2470 1386 2526 τιμᾷ·
1421 2469 1575 2520 κεῖνος,
1599 2466 1633 2511 ὦ
1653 2468 1735 2511 παῖ
1756 2469 2036 2527 Σωστράτου,

747 2541 830 2586 σὺν
850 2540 1150 2603 βαρυγδούπῳ
1171 2542 1332 2600 Πατρὶ,
1355 2542 1518 2600 κραίνει
1541 2540 1674 2587 σε’θεν
1694 2542 1913 2601 εὐτυχίαν.

383 2638 494 2697 Est
524 2639 629 2697 ubi
660 2639 951 2715 praeconis
982 2638 1247 2697 officium
1280 2639 1393 2697 sibi
1426 2639 1613 2697 etiam
1646 2636 1956 2698 vindicatf.

747 2755 1063 2815 Θεανδρίδαισι
1085 2753 1122 2800 δ’
1145 2754 1377 2815 ἀεξιγυίων
1397 2753 1570 2801 ἀέθλων

746 2830 884 2888 κάρυξ
906 2831 1079 2888 ἑτοῖμος
1099 2830 1223 2883 ἔβαν,

744 2902 969 2962 Ὀλυμπίᾳ
989 2923 1038 2951 τε
1060 2904 1130 2948 καὶ
1150 2902 1327 2962 Ἰσθμοῖ
1349 2904 1497 2963 Νεμέᾳ
1518 2923 1567 2950 τε
1589 2904 1867 2963 συνθέμενος.

467 3016 678 3093 Atque
715 3017 902 3074 etiam
943 3016 1086 3075 huic
1130 3017 1339 3095 generi
1371 3017 1626 3076 fortasse
1655 3017 1970 3075 nonmale
2002 3018 2189 3095 depu-

380 3122 473 3172 tet
518 3114 734 3191 aliquis
761 3114 1178 3193 jurisjurandi
1222 3117 1485 3193 suscepti
1534 3117 1928 3185 mentionem,
1967 3137 2003 3175 a
2045 3116 2188 3174 Pin-

378 3214 525 3272 daro
576 3233 698 3272 non
759 3215 949 3273 semel
1001 3216 1309 3292 injectam.
1402 3214 1650 3272 Etenim
1705 3213 2027 3291 Olympiae,
2082 3214 2186 3272 illo

381 3320 676 3390 tempore,
708 3313 1230 3390 frequentissimus
1267 3320 1398 3370 erat
1432 3313 1825 3390 jurisjurandi
1870 3332 2049 3372 usus:
2086 3313 2188 3389 ju-

379 3411 495 3470 rati
525 3431 647 3469 non
684 3412 866 3470 modo
900 3412 1139 3489 judices
1173 3411 1549 3488 judicabant,
1584 3430 1796 3469 verum
1829 3411 2015 3469 etiam
2047 3430 2186 3470 can-

501 3591 518 3616 a
556 3592 686 3650 Pyth.
717 3605 759 3647 5.
790 3607 887 3647 141.
1151 3598 1167 3617 θ
1203 3593 1273 3636 Ol.
1299 3592 1359 3636 vi.
1390 3606 1488 3650 130.
1747 3590 1765 3621 f
1797 3592 1923 3634 Nem.
1948 3606 1990 3645 4.
2022 3604 2121 3648 119.
