2288 4036
138 287 292 321 PRAEL.
314 284 466 319 xxrx.
543 268 634 317 An
659 273 785 316 recte
809 264 1028 324 dicatur,
1043 262 1294 331 foeminas
1318 278 1423 312 eum
1451 259 1623 312 odisse.
1785 259 1886 312 601

429 409 624 463 στολμόν
643 424 690 450 τε
710 406 880 462 χρωτὸς
899 404 1022 447 τόνδε
1043 403 1250 447 ποικίλων
1269 402 1449 446 πέπλων

432 479 482 521 οὗ
503 482 587 522 τῶν
606 476 861 534 Ἀχιλλέως,
885 476 983 519 οὐδὲ
1005 474 1186 531 Πηλέως
1205 474 1290 518 ἀπὸ

432 550 573 606 δόμων
593 547 804 605 ἀπαρχάς,
827 546 939 605 δεῦρ’
962 546 1112 604 ἕχουσ·’
1135 547 1368 604 ἀφικόμην,

431 620 530 664 ἀλλ’
553 621 600 663 ἐκ
622 620 829 675 Λακαίνης
849 619 1156 677 Σπαρτιατίδος
1175 618 1332 676 χθονὸς

432 692 654 737 Μενέλαος
673 691 772 748 ἡμῖν
793 695 926 736 ταῦτα
947 692 1143 748 δωρεῖται
1163 690 1303 747 πατὴρ

429 766 615 810 πολλοῖς
636 764 717 808 σὺν
738 763 888 814 ἕδνοις,
911 762 1013 808 ὥστ’
1037 763 1436 820 ἐλευθεροστομεῖν.

143 875 369 935 Verum
401 881 462 930 et
491 873 648 930 illius
685 873 880 929 subita
922 872 1288 947 poenitentia,
1325 890 1460 927 cum
1508 889 1722 947 magna
1763 890 1896 946 pars

143 972 216 1029 sit
245 970 368 1045 ejus
398 968 628 1035 fabulae,
661 987 777 1024 non
811 974 971 1025 caret
1003 986 1107 1024 sua
1140 968 1211 1034 vi,
1243 967 1436 1024 fontes
1480 967 1898 1043 indagantibus

146 1064 477 1142 Euripideae
528 1083 787 1140 poeseos.
877 1064 1054 1132 Quod
1100 1064 1259 1120 idem
1313 1064 1492 1120 etiam
1534 1063 1648 1120 dici
1697 1070 1896 1139 potest

143 1163 215 1220 de
241 1162 489 1238 geminis
523 1162 584 1216 in
617 1160 930 1237 Iphigenia
962 1159 1273 1216 Aulidensi
1306 1159 1552 1224 Atridis,
1585 1167 1646 1216 et
1676 1161 1723 1216 si
1755 1161 1896 1235 quid

144 1257 298 1316 aliud
344 1256 631 1332 ejusmodi
675 1256 857 1313 habet
902 1257 1166 1331 scriptor.
1257 1254 1579 1331 Complura
1609 1256 1899 1332 significa-

144 1355 363 1411 tionem
394 1353 617 1410 habent
646 1352 892 1408 minime
917 1352 1174 1418 dubiam,
1195 1352 1409 1408 versari
1435 1370 1570 1408 eum
1598 1351 1897 1408 volentem

145 1451 202 1506 in
233 1450 462 1506 modico
507 1449 642 1505 vitae
681 1447 988 1514 curriculO,
1020 1454 1200 1522 atque
1243 1448 1303 1503 in
1348 1447 1419 1504 iis
1462 1446 1654 1515 rebus,
1687 1447 1900 1523 quibus

146 1545 402 1602 maxima
453 1563 586 1620 pars
635 1543 944 1600 hominum
997 1544 1297 1619 tangitur:
1356 1543 1598 1618 privatis
1650 1542 1781 1600 dico
1833 1563 1900 1601 ac

147 1642 495 1699 domesticis.
594 1639 795 1697 Unum
848 1639 1018 1695 illurn
1078 1638 1275 1696 locum
1327 1639 1572 1696 fortasse
1623 1640 1899 1715 excipiaS‚

147 1739 244 1813 qui
291 1738 362 1794 ad
408 1736 722 1813 religiones
771 1737 1070 1811 pertinet3
1128 1755 1244 1810 quo
1296 1736 1355 1791 in
1407 1754 1624 1811 genere
1671 1736 1899 1811 ecquod

145 1834 358 1891 habeat
409 1835 705 1909 privatum
760 1840 821 1890 et
873 1833 1232 1908 praecipuum
1278 1831 1607 1907 Euripides,
1657 1851 1763 1907 pro
1817 1834 1902 1889 vi-

146 1931 302 1988 ribus
359 1931 686 2006 expediam,
747 1949 881 1986 cum
947 1948 1136 2004 pauca
1200 1929 1360 2004 prius
1426 1928 1724 1993 addidero,
1783 1929 1901 1987 huc

147 2028 485 2103 spectantia,
534 2033 603 2083 ut
658 2045 795 2083 eum
854 2026 1131 2083 evincant
1187 2044 1305 2082 non
1363 2025 1510 2082 adeo
1569 2025 1770 2101 inique
1827 2027 1903 2084 de

147 2143 359 2200 genere
403 2123 681 2180 foemineo
726 2123 1036 2199 cogitasse.
1127 2121 1289 2178 Nam
1335 2141 1408 2178 ex
1456 2142 1526 2179 ea
1568 2129 1735 2198 parte
1775 2124 1904 2198 qui-

150 2221 281 2277 dam
311 2220 652 2276 invidiosius
683 2239 820 2276 eum
852 2220 1253 2276 criminantur.

229 2315 426 2373 Primo
456 2323 675 2383 autem,
701 2315 831 2391 quis
861 2335 979 2371 non
1009 2315 1276 2382 miretur,
1308 2315 1409 2389 qui
1440 2321 1618 2389 poeta
1647 2315 1904 2391 viguerit

150 2412 515 2488 potissimum
567 2413 626 2468 in
675 2431 738 2468 re
782 2412 1118 2478 domestica,
1156 2418 1335 2486 atque
1385 2412 1446 2466 in
1490 2411 1906 2468 communibus

153 2508 374 2576 studiis,
419 2508 706 2583 curisque,
751 2508 1003 2564 eundem
1057 2507 1294 2582 penitus
1345 2507 1536 2564 odisse
1590 2507 1650 2563 id
1698 2526 1904 2584 genUS‚

120 2631 124 2634 ·
153 2622 227 2661 ex
256 2600 371 2679 quo
401 2606 662 2662 maxime
705 2604 961 2679 pendeat
993 2604 1183 2660 omnis
1218 2603 1320 2659 illa
1348 2603 1609 2660 conditio
1650 2610 1712 2660 et
1756 2605 1905 2660 ratio

154 2701 423 2758 vivendi?
487 2700 739 2767 Deinde,
765 2699 865 2776 qui
895 2699 1054 2756 illam
1087 2699 1343 2756 didicere
1374 2699 1748 2766 cantilenam,
1772 2701 1909 2758 volo

154 2795 347 2870 paullo
377 2797 615 2872 propius
644 2797 824 2872 ipsius
842 2794 1178 2871 Tragoedias
1207 2794 1537 2870 inspiciant,
1561 2794 1744 2852 immo
1768 2815 1903 2852 cum

154 2890 494 2967 Sophocleis
545 2893 868 2949 conferant.
961 2891 1042 2948 Et
1086 2911 1201 2966 quo
1246 2892 1526 2948 certiores
1569 2891 1724 2949 intra
1762 2892 1909 2950 fines

155 2988 524 3046 contineatur
575 2991 780 3057 orati0,
832 2989 1115 3045 faciamus
1165 2987 1493 3063 periculum
1540 2989 1601 3045 in
1654 3010 1724 3046 ea
1775 3009 1904 3065 per-

157 3103 313 3154 sona,
343 3105 458 3161 qua
485 3086 823 3162 plenissime
858 3086 1068 3161 probat
1100 3084 1423 3160 Sophocles
1464 3103 1540 3142 ex
1583 3085 1694 3143 hac
1737 3092 1906 3161 parte

159 3199 389 3238 causam
441 3202 624 3240 suam.
714 3183 1139 3258 Comparemus
1180 3181 1545 3258 Antigonam
1598 3183 1723 3258 ejus
1770 3202 1907 3239 cum

153 3276 361 3334 eadem
399 3276 723 3355 Antigona,
765 3277 1001 3354 qualem
1045 3278 1105 3334 in
1150 3277 1467 3335 Phoenissis
1511 3279 1629 3335 suis
1672 3278 1908 3336 induxit

161 3369 485 3448 Euripides
550 3373 830 3431 Percellit
861 3372 961 3430 ille
993 3373 1230 3448 quidem
1267 3371 1671 3429 vehementius
1700 3372 1909 3429 robore

156 3479 220 3523 et
255 3470 658 3545 magnitudine
699 3470 914 3537 animi3
959 3476 1021 3526 at
1064 3469 1298 3525 suavius
1342 3469 1532 3525 multo
1573 3477 1908 3526 commovet

157 3559 296 3627 haec,
328 3560 723 3620 dulcissimam
765 3563 925 3621 illam
967 3564 1161 3621 fratris
1206 3566 1512 3623 caritatem
1558 3567 1642 3622 ita
1684 3584 1801 3640 prae
1846 3584 1909 3622 se
