<?xml version="1.0" encoding="UTF-8"?>
<!DOCTYPE html PUBLIC "-//W3C//DTD XHTML 1.0 Transitional//EN"
    "http://www.w3.org/TR/xhtml1/DTD/xhtml1-transitional.dtd">
<html xmlns="http://www.w3.org/1999/xhtml" xml:lang="en" lang="en">
 <head>
  <title>
</title>
<meta http-equiv="Content-Type" content="text/html;charset=utf-8" />
  <meta name='ocr-system' content='tesseract 3.04.00' />
  <meta name='ocr-capabilities' content='ocr_page ocr_carea ocr_par ocr_line ocrx_word'/>
</head>
<body>
  <div class='ocr_page' id='page_1' title='image "./a588873902kebluoft_0067.png"; bbox 0 0 2288 4036; ppageno 0'>
   <div class='ocr_carea' id='block_1_1' title="bbox 157 205 1900 276">
    <p class='ocr_par' dir='ltr' id='par_1_1' title="bbox 157 205 1900 276">
     <span class='ocr_line' id='line_1_1' title="bbox 157 205 1900 276; baseline -0.001 -16"><span class='ocrx_word' id='word_1_1' title='bbox 157 227 310 260; x_wconf 79' lang='lat' dir='ltr'><strong>PRAEL.</strong></span> <span class='ocrx_word' id='word_1_2' title='bbox 331 226 482 258; x_wconf 87' lang='lat' dir='ltr'><strong>xxm.</strong></span> <span class='ocrx_word' id='word_1_3' title='bbox 576 206 789 258; x_wconf 75' lang='lat' dir='ltr'><em>Horatii</em></span> <span class='ocrx_word' id='word_1_4' title='bbox 813 206 874 258; x_wconf 78' lang='lat' dir='ltr'>de</span> <span class='ocrx_word' id='word_1_5' title='bbox 897 206 1000 275; x_wconf 71' lang='lat' dir='ltr'>ejus</span> <span class='ocrx_word' id='word_1_6' title='bbox 1012 223 1234 276; x_wconf 72' lang='lat' dir='ltr'>persona</span> <span class='ocrx_word' id='word_1_7' title='bbox 1246 205 1525 275; x_wconf 75' lang='lat' dir='ltr'>judicium.</span> <span class='ocrx_word' id='word_1_8' title='bbox 1796 208 1900 259; x_wconf 80' lang='lat'>445</span> 
     </span>
    </p>
   </div>
   <div class='ocr_carea' id='block_1_2' title="bbox 155 347 1760 525">
    <p class='ocr_par' dir='ltr' id='par_1_2' title="bbox 155 347 1760 525">
     <span class='ocr_line' id='line_1_2' title="bbox 155 347 1760 426; baseline -0.001 -19"><span class='ocrx_word' id='word_1_9' title='bbox 155 369 284 426; x_wconf 89' lang='lat' dir='ltr'>pars</span> <span class='ocrx_word' id='word_1_10' title='bbox 313 357 438 407; x_wconf 86' lang='lat' dir='ltr'>erat</span> <span class='ocrx_word' id='word_1_11' title='bbox 467 350 651 407; x_wconf 84' lang='lat' dir='ltr'>altera</span> <span class='ocrx_word' id='word_1_12' title='bbox 680 349 948 424; x_wconf 86' lang='lat' dir='ltr'>supplicii</span> <span class='ocrx_word' id='word_1_13' title='bbox 979 350 1260 407; x_wconf 88' lang='lat' dir='ltr'>divinitus</span> <span class='ocrx_word' id='word_1_14' title='bbox 1289 350 1351 406; x_wconf 92' lang='lat' dir='ltr'>in</span> <span class='ocrx_word' id='word_1_15' title='bbox 1382 369 1444 407; x_wconf 89' lang='lat' dir='ltr'>se</span> <span class='ocrx_word' id='word_1_16' title='bbox 1472 349 1717 407; x_wconf 90' lang='lat' dir='ltr'>immissi</span> <span class='ocrx_word' id='word_1_17' title='bbox 1728 347 1760 415; x_wconf 83' lang='lat' dir='ltr'>f,</span> 
     </span>
     <span class='ocr_line' id='line_1_3' title="bbox 621 467 1152 525; baseline 0.002 -14"><span class='ocrx_word' id='word_1_18' title='bbox 621 467 754 519; x_wconf 74' lang='grc' dir='ltr'>ἄλευ’,</span> <span class='ocrx_word' id='word_1_19' title='bbox 775 467 807 511; x_wconf 85' lang='grc' dir='ltr'><strong>ὦ</strong></span> <span class='ocrx_word' id='word_1_20' title='bbox 829 468 895 511; x_wconf 84' lang='grc' dir='ltr'>δᾶ·</span> <span class='ocrx_word' id='word_1_21' title='bbox 928 469 1152 525; x_wconf 86' lang='grc' dir='ltr'>φοβοῦμαι</span> 
     </span>
    </p>
   </div>
   <div class='ocr_carea' id='block_1_3' title="bbox 147 538 1907 2944">
    <p class='ocr_par' dir='ltr' id='par_1_3' title="bbox 503 538 1250 596">
     <span class='ocr_line' id='line_1_4' title="bbox 503 538 1250 596; baseline 0.001 -13"><span class='ocrx_word' id='word_1_22' title='bbox 503 540 579 583; x_wconf 89' lang='grc' dir='ltr'>τὸν</span> <span class='ocrx_word' id='word_1_23' title='bbox 597 539 816 595; x_wconf 83' lang='grc' dir='ltr'>μυριωπὸν</span> <span class='ocrx_word' id='word_1_24' title='bbox 835 538 1054 596; x_wconf 83' lang='grc' dir='ltr'>εἰσορῶσα</span> <span class='ocrx_word' id='word_1_25' title='bbox 1073 538 1250 592; x_wconf 81' lang='grc' dir='ltr'>βούταν.</span> 
     </span>
    </p>

    <p class='ocr_par' dir='ltr' id='par_1_4' title="bbox 504 608 1276 669">
     <span class='ocr_line' id='line_1_5' title="bbox 504 608 1276 669; baseline 0.001 -15"><span class='ocrx_word' id='word_1_26' title='bbox 504 613 528 654; x_wconf 86' lang='grc' dir='ltr'>ὁ</span> <span class='ocrx_word' id='word_1_27' title='bbox 550 611 596 654; x_wconf 78' lang='grc' dir='ltr'>δὲ</span> <span class='ocrx_word' id='word_1_28' title='bbox 616 608 842 668; x_wconf 79' lang='grc' dir='ltr'>πορεύεται</span> <span class='ocrx_word' id='word_1_29' title='bbox 863 610 1010 655; x_wconf 88' lang='grc' dir='ltr'>δόλιον</span> <span class='ocrx_word' id='word_1_30' title='bbox 1031 610 1128 668; x_wconf 77' lang='grc' dir='ltr'>ὄμμ’</span> <span class='ocrx_word' id='word_1_31' title='bbox 1151 612 1276 669; x_wconf 79' lang='grc' dir='ltr'>ἔχων,</span> 
     </span>
    </p>

    <p class='ocr_par' dir='ltr' id='par_1_5' title="bbox 505 681 1251 741">
     <span class='ocr_line' id='line_1_6' title="bbox 505 681 1251 741; baseline 0.003 -16"><span class='ocrx_word' id='word_1_32' title='bbox 505 681 553 726; x_wconf 84' lang='grc' dir='ltr'>ὃν</span> <span class='ocrx_word' id='word_1_33' title='bbox 573 683 671 726; x_wconf 81' lang='grc' dir='ltr'>οὐδὲ</span> <span class='ocrx_word' id='word_1_34' title='bbox 692 682 952 726; x_wconf 88' lang='grc' dir='ltr'>κατθάνοντα</span> <span class='ocrx_word' id='word_1_35' title='bbox 971 685 1074 741; x_wconf 81' lang='grc' dir='ltr'>γαῖα</span> <span class='ocrx_word' id='word_1_36' title='bbox 1095 682 1251 727; x_wconf 80' lang='grc' dir='ltr'>κεύθει.</span> 
     </span>
    </p>

    <p class='ocr_par' dir='ltr' id='par_1_6' title="bbox 503 751 1014 808">
     <span class='ocr_line' id='line_1_7' title="bbox 503 751 1014 808; baseline 0.002 -13"><span class='ocrx_word' id='word_1_37' title='bbox 503 751 620 796; x_wconf 80' lang='grc' dir='ltr'>ἀλλά</span> <span class='ocrx_word' id='word_1_38' title='bbox 639 771 693 808; x_wconf 94' lang='grc' dir='ltr'>με</span> <span class='ocrx_word' id='word_1_39' title='bbox 712 753 789 796; x_wconf 87' lang='grc' dir='ltr'>τὰν</span> <span class='ocrx_word' id='word_1_40' title='bbox 809 753 1014 797; x_wconf 89' lang='grc' dir='ltr'>τάλαιναν</span> 
     </span>
    </p>

    <p class='ocr_par' dir='ltr' id='par_1_7' title="bbox 503 824 1139 883">
     <span class='ocr_line' id='line_1_8' title="bbox 503 824 1139 883; baseline 0 -16"><span class='ocrx_word' id='word_1_41' title='bbox 503 824 552 879; x_wconf 80' lang='grc' dir='ltr'>ἐξ</span> <span class='ocrx_word' id='word_1_42' title='bbox 573 824 726 880; x_wconf 86' lang='grc' dir='ltr'>ἐνερῶν</span> <span class='ocrx_word' id='word_1_43' title='bbox 744 828 887 881; x_wconf 83' lang='grc' dir='ltr'>περῶν</span> <span class='ocrx_word' id='word_1_44' title='bbox 908 826 1139 883; x_wconf 84' lang='grc' dir='ltr'>κυνηγετεῖ·</span> 
     </span>
    </p>

    <p class='ocr_par' dir='ltr' id='par_1_8' title="bbox 503 895 1531 954">
     <span class='ocr_line' id='line_1_9' title="bbox 503 895 1531 954; baseline 0.002 -16"><span class='ocrx_word' id='word_1_45' title='bbox 503 898 645 952; x_wconf 83' lang='grc' dir='ltr'>πλανᾷ</span> <span class='ocrx_word' id='word_1_46' title='bbox 666 914 713 939; x_wconf 87' lang='grc' dir='ltr'>τε</span> <span class='ocrx_word' id='word_1_47' title='bbox 734 898 883 952; x_wconf 86' lang='grc' dir='ltr'>νῆστιν</span> <span class='ocrx_word' id='word_1_48' title='bbox 903 896 982 940; x_wconf 84' lang='grc' dir='ltr'>ἀνὰ</span> <span class='ocrx_word' id='word_1_49' title='bbox 1003 897 1080 940; x_wconf 85' lang='grc' dir='ltr'>τὰν</span> <span class='ocrx_word' id='word_1_50' title='bbox 1100 895 1316 954; x_wconf 86' lang='grc' dir='ltr'>παραλίαν</span> <span class='ocrx_word' id='word_1_51' title='bbox 1335 897 1531 953; x_wconf 75' lang='grc' dir='ltr'>ψάμμον·</span> 
     </span>
    </p>

    <p class='ocr_par' dir='ltr' id='par_1_9' title="bbox 503 968 1300 1026">
     <span class='ocr_line' id='line_1_10' title="bbox 503 968 1300 1026; baseline 0.001 -15"><span class='ocrx_word' id='word_1_52' title='bbox 503 968 586 1011; x_wconf 81' lang='grc' dir='ltr'>ὑπὸ</span> <span class='ocrx_word' id='word_1_53' title='bbox 609 968 655 1011; x_wconf 81' lang='grc' dir='ltr'>δὲ</span> <span class='ocrx_word' id='word_1_54' title='bbox 678 970 981 1026; x_wconf 81' lang='grc' dir='ltr'>κηρόπλαστος</span> <span class='ocrx_word' id='word_1_55' title='bbox 1001 969 1149 1021; x_wconf 81' lang='grc' dir='ltr'>ὀτοβεῖ</span> <span class='ocrx_word' id='word_1_56' title='bbox 1169 969 1300 1024; x_wconf 80' lang='grc' dir='ltr'>δόναξ</span> 
     </span>
    </p>

    <p class='ocr_par' dir='ltr' id='par_1_10' title="bbox 503 1038 659 1097">
     <span class='ocr_line' id='line_1_11' title="bbox 503 1038 659 1097; baseline 0.013 -14"><span class='ocrx_word' id='word_1_57' title='bbox 503 1038 659 1097; x_wconf 82' lang='grc' dir='ltr'>ἀχέτας</span> 
     </span>
    </p>

    <p class='ocr_par' dir='ltr' id='par_1_11' title="bbox 149 1112 1907 2261">
     <span class='ocr_line' id='line_1_12' title="bbox 504 1112 906 1170; baseline 0.002 -14"><span class='ocrx_word' id='word_1_58' title='bbox 504 1112 742 1157; x_wconf 82' lang='grc' dir='ltr'>ὑπνοδόταν</span> <span class='ocrx_word' id='word_1_59' title='bbox 762 1115 906 1170; x_wconf 89' lang='grc' dir='ltr'>νόμον.</span> 
     </span>
     <span class='ocr_line' id='line_1_13' title="bbox 155 1232 1905 1293; baseline 0 -1"><span class='ocrx_word' id='word_1_60' title='bbox 155 1236 456 1293; x_wconf 88' lang='lat' dir='ltr'><strong>Nimirum</strong></span> <span class='ocrx_word' id='word_1_61' title='bbox 487 1235 671 1292; x_wconf 89' lang='lat' dir='ltr'>oculis</span> <span class='ocrx_word' id='word_1_62' title='bbox 699 1235 944 1291; x_wconf 91' lang='lat' dir='ltr'>minime</span> <span class='ocrx_word' id='word_1_63' title='bbox 973 1233 1247 1290; x_wconf 88' lang='lat' dir='ltr'>fallendis</span> <span class='ocrx_word' id='word_1_64' title='bbox 1277 1232 1530 1290; x_wconf 83' lang='lat' dir='ltr'>obsideri</span> <span class='ocrx_word' id='word_1_65' title='bbox 1561 1250 1622 1291; x_wconf 90' lang='lat' dir='ltr'>se</span> <span class='ocrx_word' id='word_1_66' title='bbox 1652 1235 1905 1292; x_wconf 90' lang='lat' dir='ltr'>somnia-</span> 
     </span>
     <span class='ocr_line' id='line_1_14' title="bbox 154 1328 1904 1407; baseline -0.001 -19"><span class='ocrx_word' id='word_1_67' title='bbox 154 1339 252 1388; x_wconf 92' lang='lat' dir='ltr'>tur</span> <span class='ocrx_word' id='word_1_68' title='bbox 308 1333 467 1389; x_wconf 90' lang='lat' dir='ltr'>omni</span> <span class='ocrx_word' id='word_1_69' title='bbox 524 1339 805 1407; x_wconf 90' lang='lat' dir='ltr'>tempore,</span> <span class='ocrx_word' id='word_1_70' title='bbox 854 1331 1029 1387; x_wconf 85' lang='lat' dir='ltr'>coecis</span> <span class='ocrx_word' id='word_1_71' title='bbox 1088 1329 1388 1386; x_wconf 78' lang='lat' dir='ltr'>desideriis</span> <span class='ocrx_word' id='word_1_72' title='bbox 1446 1328 1605 1385; x_wconf 89' lang='lat' dir='ltr'>ultra</span> <span class='ocrx_word' id='word_1_73' title='bbox 1659 1331 1904 1386; x_wconf 90' lang='lat' dir='ltr'>modum</span> 
     </span>
     <span class='ocr_line' id='line_1_15' title="bbox 154 1426 1907 1504; baseline -0.001 -19"><span class='ocrx_word' id='word_1_74' title='bbox 154 1429 336 1485; x_wconf 89' lang='lat' dir='ltr'>semel</span> <span class='ocrx_word' id='word_1_75' title='bbox 379 1428 638 1504; x_wconf 86' lang='lat' dir='ltr'>abrepta.</span> <span class='ocrx_word' id='word_1_76' title='bbox 726 1426 870 1483; x_wconf 94' lang='lat' dir='ltr'>Non</span> <span class='ocrx_word' id='word_1_77' title='bbox 900 1426 1091 1483; x_wconf 91' lang='lat' dir='ltr'>solum</span> <span class='ocrx_word' id='word_1_78' title='bbox 1122 1426 1304 1502; x_wconf 85' lang='lat' dir='ltr'>piget,</span> <span class='ocrx_word' id='word_1_79' title='bbox 1336 1444 1543 1482; x_wconf 87' lang='lat' dir='ltr'>verum</span> <span class='ocrx_word' id='word_1_80' title='bbox 1574 1426 1756 1483; x_wconf 90' lang='lat' dir='ltr'>etiam</span> <span class='ocrx_word' id='word_1_81' title='bbox 1798 1445 1907 1502; x_wconf 93' lang='lat' dir='ltr'>pu-</span> 
     </span>
     <span class='ocr_line' id='line_1_16' title="bbox 154 1520 1906 1599; baseline -0.001 -18"><span class='ocrx_word' id='word_1_82' title='bbox 154 1525 273 1592; x_wconf 92' lang='lat' dir='ltr'>det,</span> <span class='ocrx_word' id='word_1_83' title='bbox 304 1523 398 1581; x_wconf 89' lang='lat' dir='ltr'>vel</span> <span class='ocrx_word' id='word_1_84' title='bbox 433 1523 556 1581; x_wconf 90' lang='lat' dir='ltr'>sola</span> <span class='ocrx_word' id='word_1_85' title='bbox 595 1523 892 1599; x_wconf 86' lang='lat' dir='ltr'>cogitandi</span> <span class='ocrx_word' id='word_1_86' title='bbox 935 1522 1120 1578; x_wconf 91' lang='lat' dir='ltr'>nimia</span> <span class='ocrx_word' id='word_1_87' title='bbox 1162 1520 1404 1577; x_wconf 90' lang='lat' dir='ltr'>licentia</span> <span class='ocrx_word' id='word_1_88' title='bbox 1445 1538 1753 1596; x_wconf 79' lang='lat' dir='ltr'>peccasse:</span> <span class='ocrx_word' id='word_1_89' title='bbox 1798 1541 1906 1597; x_wconf 93' lang='lat' dir='ltr'>pu-</span> 
     </span>
     <span class='ocr_line' id='line_1_17' title="bbox 151 1618 1903 1696; baseline -0.001 -19"><span class='ocrx_word' id='word_1_90' title='bbox 151 1620 270 1688; x_wconf 90' lang='lat' dir='ltr'>det,</span> <span class='ocrx_word' id='word_1_91' title='bbox 325 1622 581 1696; x_wconf 85' lang='lat' dir='ltr'>inquam,</span> <span class='ocrx_word' id='word_1_92' title='bbox 628 1618 895 1676; x_wconf 87' lang='lat' dir='ltr'>Deorum</span> <span class='ocrx_word' id='word_1_93' title='bbox 951 1618 1379 1692; x_wconf 86' lang='lat' dir='ltr'>hominumque</span> <span class='ocrx_word' id='word_1_94' title='bbox 1406 1636 1420 1685; x_wconf 91' lang='grc'>;</span> <span class='ocrx_word' id='word_1_95' title='bbox 1478 1618 1662 1674; x_wconf 92' lang='lat' dir='ltr'>immo</span> <span class='ocrx_word' id='word_1_96' title='bbox 1721 1618 1903 1675; x_wconf 87' lang='lat' dir='ltr'>etiam</span> 
     </span>
     <span class='ocr_line' id='line_1_18' title="bbox 151 1713 1905 1792; baseline -0.001 -20"><span class='ocrx_word' id='word_1_97' title='bbox 151 1716 414 1774; x_wconf 91' lang='lat' dir='ltr'>locorum</span> <span class='ocrx_word' id='word_1_98' title='bbox 457 1717 733 1792; x_wconf 89' lang='lat' dir='ltr'>ipsorum,</span> <span class='ocrx_word' id='word_1_99' title='bbox 764 1714 929 1790; x_wconf 83' lang='lat' dir='ltr'>quasi</span> <span class='ocrx_word' id='word_1_100' title='bbox 973 1715 1090 1771; x_wconf 92' lang='lat' dir='ltr'>sint</span> <span class='ocrx_word' id='word_1_101' title='bbox 1135 1720 1197 1770; x_wconf 88' lang='lat' dir='ltr'>et</span> <span class='ocrx_word' id='word_1_102' title='bbox 1235 1714 1346 1789; x_wconf 90' lang='lat' dir='ltr'>ipsi</span> <span class='ocrx_word' id='word_1_103' title='bbox 1387 1713 1482 1770; x_wconf 85' lang='lat' dir='ltr'>vel</span> <span class='ocrx_word' id='word_1_104' title='bbox 1522 1714 1779 1772; x_wconf 87' lang='lat' dir='ltr'>criminis</span> <span class='ocrx_word' id='word_1_105' title='bbox 1808 1714 1905 1771; x_wconf 90' lang='lat' dir='ltr'>vel</span> 
     </span>
     <span class='ocr_line' id='line_1_19' title="bbox 153 1809 1904 1885; baseline -0.001 -17"><span class='ocrx_word' id='word_1_106' title='bbox 153 1812 465 1869; x_wconf 75' lang='lat' dir='ltr'>dementiae</span> <span class='ocrx_word' id='word_1_107' title='bbox 495 1818 654 1868; x_wconf 88' lang='lat' dir='ltr'>certe</span> <span class='ocrx_word' id='word_1_108' title='bbox 685 1811 919 1868; x_wconf 90' lang='lat' dir='ltr'>conscii.</span> <span class='ocrx_word' id='word_1_109' title='bbox 994 1810 1192 1878; x_wconf 84' lang='lat' dir='ltr'>Quare</span> <span class='ocrx_word' id='word_1_110' title='bbox 1222 1829 1300 1866; x_wconf 86' lang='lat' dir='ltr'>ex</span> <span class='ocrx_word' id='word_1_111' title='bbox 1328 1809 1439 1866; x_wconf 89' lang='lat' dir='ltr'>hac</span> <span class='ocrx_word' id='word_1_112' title='bbox 1470 1828 1705 1884; x_wconf 92' lang='lat' dir='ltr'>quoque</span> <span class='ocrx_word' id='word_1_113' title='bbox 1734 1818 1904 1885; x_wconf 91' lang='lat' dir='ltr'>parte</span> 
     </span>
     <span class='ocr_line' id='line_1_20' title="bbox 150 1905 1906 1981; baseline 0 -17"><span class='ocrx_word' id='word_1_114' title='bbox 150 1907 430 1964; x_wconf 83' lang='lat' dir='ltr'>credibile</span> <span class='ocrx_word' id='word_1_115' title='bbox 458 1908 546 1977; x_wconf 91' lang='lat' dir='ltr'>fit,</span> <span class='ocrx_word' id='word_1_116' title='bbox 578 1926 709 1964; x_wconf 87' lang='lat' dir='ltr'>eam</span> <span class='ocrx_word' id='word_1_117' title='bbox 745 1906 1014 1964; x_wconf 89' lang='lat' dir='ltr'>consulto</span> <span class='ocrx_word' id='word_1_118' title='bbox 1059 1905 1270 1981; x_wconf 86' lang='lat' dir='ltr'>puellae</span> <span class='ocrx_word' id='word_1_119' title='bbox 1309 1905 1409 1962; x_wconf 83' lang='lat' dir='ltr'>isti</span> <span class='ocrx_word' id='word_1_120' title='bbox 1452 1905 1635 1962; x_wconf 88' lang='lat' dir='ltr'>tribui</span> <span class='ocrx_word' id='word_1_121' title='bbox 1670 1905 1744 1962; x_wconf 94' lang='lat' dir='ltr'>ab</span> <span class='ocrx_word' id='word_1_122' title='bbox 1776 1905 1906 1964; x_wconf 87' lang='lat' dir='ltr'>AEs-</span> 
     </span>
     <span class='ocr_line' id='line_1_21' title="bbox 151 2000 1906 2078; baseline 0.001 -20"><span class='ocrx_word' id='word_1_123' title='bbox 151 2002 322 2078; x_wconf 88' lang='lat' dir='ltr'>chylo</span> <span class='ocrx_word' id='word_1_124' title='bbox 358 2009 559 2060; x_wconf 89' lang='lat' dir='ltr'>nostro</span> <span class='ocrx_word' id='word_1_125' title='bbox 594 2021 920 2078; x_wconf 88' lang='lat' dir='ltr'>personam,</span> <span class='ocrx_word' id='word_1_126' title='bbox 958 2020 1092 2077; x_wconf 77' lang='lat' dir='ltr'>quae</span> <span class='ocrx_word' id='word_1_127' title='bbox 1134 2007 1317 2077; x_wconf 87' lang='lat' dir='ltr'>ponat</span> <span class='ocrx_word' id='word_1_128' title='bbox 1360 2008 1499 2059; x_wconf 88' lang='lat' dir='ltr'>ante</span> <span class='ocrx_word' id='word_1_129' title='bbox 1544 2000 1746 2059; x_wconf 89' lang='lat' dir='ltr'>oculos</span> <span class='ocrx_word' id='word_1_130' title='bbox 1789 2002 1906 2059; x_wconf 90' lang='lat' dir='ltr'>for-</span> 
     </span>
     <span class='ocr_line' id='line_1_22' title="bbox 149 2096 1903 2174; baseline 0 -19"><span class='ocrx_word' id='word_1_131' title='bbox 149 2104 322 2155; x_wconf 87' lang='lat' dir='ltr'>tunas</span> <span class='ocrx_word' id='word_1_132' title='bbox 351 2098 775 2166; x_wconf 77' lang='lat' dir='ltr'>adolescentiae,</span> <span class='ocrx_word' id='word_1_133' title='bbox 799 2098 1030 2173; x_wconf 87' lang='lat' dir='ltr'>pudicae</span> <span class='ocrx_word' id='word_1_134' title='bbox 1061 2097 1302 2172; x_wconf 91' lang='lat' dir='ltr'>quidem</span> <span class='ocrx_word' id='word_1_135' title='bbox 1332 2096 1490 2154; x_wconf 91' lang='lat' dir='ltr'>illius</span> <span class='ocrx_word' id='word_1_136' title='bbox 1521 2103 1583 2154; x_wconf 91' lang='lat' dir='ltr'>et</span> <span class='ocrx_word' id='word_1_137' title='bbox 1610 2097 1903 2174; x_wconf 74' lang='lat' dir='ltr'>ingenuae,</span> 
     </span>
     <span class='ocr_line' id='line_1_23' title="bbox 150 2193 1613 2261; baseline -0.001 -10"><span class='ocrx_word' id='word_1_138' title='bbox 150 2195 252 2251; x_wconf 90' lang='lat' dir='ltr'>sed</span> <span class='ocrx_word' id='word_1_139' title='bbox 283 2195 524 2252; x_wconf 87' lang='lat' dir='ltr'>fervidae</span> <span class='ocrx_word' id='word_1_140' title='bbox 553 2195 743 2261; x_wconf 80' lang='lat' dir='ltr'>nimiS,</span> <span class='ocrx_word' id='word_1_141' title='bbox 775 2200 837 2250; x_wconf 91' lang='lat' dir='ltr'>et</span> <span class='ocrx_word' id='word_1_142' title='bbox 867 2193 1140 2251; x_wconf 87' lang='lat' dir='ltr'>inanibus</span> <span class='ocrx_word' id='word_1_143' title='bbox 1170 2193 1414 2250; x_wconf 73' lang='lat' dir='ltr'>intentae</span> <span class='ocrx_word' id='word_1_144' title='bbox 1443 2194 1613 2251; x_wconf 73' lang='lat' dir='ltr'>votis</span> 
     </span>
    </p>

    <p class='ocr_par' dir='ltr' id='par_1_12' title="bbox 236 2289 1907 2367">
     <span class='ocr_line' id='line_1_24' title="bbox 236 2289 1907 2367; baseline 0.001 -21"><span class='ocrx_word' id='word_1_145' title='bbox 236 2289 337 2347; x_wconf 91' lang='lat' dir='ltr'>Ne</span> <span class='ocrx_word' id='word_1_146' title='bbox 366 2310 503 2348; x_wconf 88' lang='lat' dir='ltr'>vero</span> <span class='ocrx_word' id='word_1_147' title='bbox 534 2292 862 2367; x_wconf 89' lang='lat' dir='ltr'>suspicetur</span> <span class='ocrx_word' id='word_1_148' title='bbox 892 2290 1118 2365; x_wconf 87' lang='lat' dir='ltr'>aliquis,</span> <span class='ocrx_word' id='word_1_149' title='bbox 1150 2297 1352 2347; x_wconf 88' lang='lat' dir='ltr'>nostra</span> <span class='ocrx_word' id='word_1_150' title='bbox 1389 2309 1496 2347; x_wconf 91' lang='lat' dir='ltr'>nos</span> <span class='ocrx_word' id='word_1_151' title='bbox 1531 2291 1710 2347; x_wconf 92' lang='lat' dir='ltr'>modo</span> <span class='ocrx_word' id='word_1_152' title='bbox 1746 2309 1907 2347; x_wconf 90' lang='lat' dir='ltr'>com-</span> 
     </span>
    </p>

    <p class='ocr_par' dir='ltr' id='par_1_13' title="bbox 147 2385 1907 2944">
     <span class='ocr_line' id='line_1_25' title="bbox 151 2385 1906 2461; baseline 0.001 -19"><span class='ocrx_word' id='word_1_153' title='bbox 151 2394 355 2444; x_wconf 91' lang='lat' dir='ltr'>menta</span> <span class='ocrx_word' id='word_1_154' title='bbox 393 2388 714 2455; x_wconf 88' lang='lat' dir='ltr'>venditare,</span> <span class='ocrx_word' id='word_1_155' title='bbox 746 2387 918 2443; x_wconf 86' lang='lat' dir='ltr'>video</span> <span class='ocrx_word' id='word_1_156' title='bbox 962 2386 1083 2443; x_wconf 88' lang='lat' dir='ltr'>tale</span> <span class='ocrx_word' id='word_1_157' title='bbox 1127 2386 1350 2460; x_wconf 89' lang='lat' dir='ltr'>aliquid</span> <span class='ocrx_word' id='word_1_158' title='bbox 1381 2385 1634 2443; x_wconf 90' lang='lat' dir='ltr'>Horatio</span> <span class='ocrx_word' id='word_1_159' title='bbox 1671 2406 1906 2461; x_wconf 91' lang='lat' dir='ltr'>quoque</span> 
     </span>
     <span class='ocr_line' id='line_1_26' title="bbox 150 2481 1906 2559; baseline 0 -20"><span class='ocrx_word' id='word_1_160' title='bbox 150 2482 453 2559; x_wconf 86' lang='lat' dir='ltr'>placuisse,</span> <span class='ocrx_word' id='word_1_161' title='bbox 484 2484 676 2541; x_wconf 89' lang='lat' dir='ltr'>sobrio</span> <span class='ocrx_word' id='word_1_162' title='bbox 707 2501 845 2540; x_wconf 88' lang='lat' dir='ltr'>sane</span> <span class='ocrx_word' id='word_1_163' title='bbox 865 2481 1073 2557; x_wconf 87' lang='lat' dir='ltr'>judici,</span> <span class='ocrx_word' id='word_1_164' title='bbox 1104 2481 1469 2556; x_wconf 90' lang='lat' dir='ltr'>minimeque</span> <span class='ocrx_word' id='word_1_165' title='bbox 1497 2482 1719 2557; x_wconf 85' lang='lat' dir='ltr'>ineptO.</span> <span class='ocrx_word' id='word_1_166' title='bbox 1787 2482 1906 2551; x_wconf 86' lang='lat' dir='ltr'>Qui</span> 
     </span>
     <span class='ocr_line' id='line_1_27' title="bbox 152 2576 1906 2655; baseline -0.001 -18"><span class='ocrx_word' id='word_1_167' title='bbox 152 2598 288 2636; x_wconf 92' lang='lat' dir='ltr'>cum</span> <span class='ocrx_word' id='word_1_168' title='bbox 318 2581 534 2637; x_wconf 87' lang='lat' dir='ltr'>famam</span> <span class='ocrx_word' id='word_1_169' title='bbox 566 2579 915 2655; x_wconf 88' lang='lat' dir='ltr'>plerumque</span> <span class='ocrx_word' id='word_1_170' title='bbox 946 2578 1110 2652; x_wconf 91' lang='lat' dir='ltr'>sequi</span> <span class='ocrx_word' id='word_1_171' title='bbox 1130 2576 1359 2652; x_wconf 87' lang='lat' dir='ltr'>jubeat,</span> <span class='ocrx_word' id='word_1_172' title='bbox 1392 2578 1551 2652; x_wconf 92' lang='lat' dir='ltr'>quod</span> <span class='ocrx_word' id='word_1_173' title='bbox 1582 2579 1802 2635; x_wconf 88' lang='lat' dir='ltr'>attinet</span> <span class='ocrx_word' id='word_1_174' title='bbox 1831 2580 1906 2636; x_wconf 88' lang='lat' dir='ltr'>ad</span> 
     </span>
     <span class='ocr_line' id='line_1_28' title="bbox 150 2673 1906 2750; baseline 0 -19"><span class='ocrx_word' id='word_1_175' title='bbox 150 2694 344 2733; x_wconf 89' lang='lat' dir='ltr'>mores</span> <span class='ocrx_word' id='word_1_176' title='bbox 373 2695 576 2732; x_wconf 87' lang='lat' dir='ltr'>eorum</span> <span class='ocrx_word' id='word_1_177' title='bbox 606 2676 708 2750; x_wconf 93' lang='lat' dir='ltr'>qui</span> <span class='ocrx_word' id='word_1_178' title='bbox 735 2675 799 2730; x_wconf 90' lang='lat' dir='ltr'>in</span> <span class='ocrx_word' id='word_1_179' title='bbox 828 2692 1063 2731; x_wconf 90' lang='lat' dir='ltr'>scenam</span> <span class='ocrx_word' id='word_1_180' title='bbox 1098 2674 1442 2741; x_wconf 85' lang='lat' dir='ltr'>mittuntur,</span> <span class='ocrx_word' id='word_1_181' title='bbox 1474 2673 1735 2750; x_wconf 89' lang='lat' dir='ltr'>exempli</span> <span class='ocrx_word' id='word_1_182' title='bbox 1775 2674 1906 2731; x_wconf 93' lang='lat' dir='ltr'>loco</span> 
     </span>
     <span class='ocr_line' id='line_1_29' title="bbox 154 2767 1907 2846; baseline 0.001 -19"><span class='ocrx_word' id='word_1_183' title='bbox 154 2771 397 2828; x_wconf 89' lang='lat' dir='ltr'>adhibet</span> <span class='ocrx_word' id='word_1_184' title='bbox 439 2778 650 2846; x_wconf 76' lang='lat' dir='ltr'>praeter</span> <span class='ocrx_word' id='word_1_185' title='bbox 693 2776 904 2827; x_wconf 85' lang='lat' dir='ltr'>caetera</span> <span class='ocrx_word' id='word_1_186' title='bbox 945 2775 1208 2826; x_wconf 88' lang='lat' dir='ltr'>nostram</span> <span class='ocrx_word' id='word_1_187' title='bbox 1252 2769 1405 2826; x_wconf 91' lang='lat' dir='ltr'>hanc</span> <span class='ocrx_word' id='word_1_188' title='bbox 1455 2767 1543 2838; x_wconf 95' lang='lat' dir='ltr'>Io,</span> <span class='ocrx_word' id='word_1_189' title='bbox 1588 2789 1766 2845; x_wconf 88' lang='lat' dir='ltr'>quam</span> <span class='ocrx_word' id='word_1_190' title='bbox 1810 2789 1907 2828; x_wconf 81' lang='lat' dir='ltr'>va-</span> 
     </span>
     <span class='ocr_line' id='line_1_30' title="bbox 147 2852 1476 2944; baseline -0.002 -22"><span class='ocrx_word' id='word_1_191' title='bbox 147 2885 282 2944; x_wconf 73' lang='lat' dir='ltr'>yam</span> <span class='ocrx_word' id='word_1_192' title='bbox 313 2884 546 2941; x_wconf 91' lang='lat' dir='ltr'>quoque</span> <span class='ocrx_word' id='word_1_193' title='bbox 576 2864 835 2941; x_wconf 87' lang='lat' dir='ltr'>appellat</span> <span class='ocrx_word' id='word_1_194' title='bbox 853 2871 901 2921; x_wconf 69' lang='grc'>8.</span> <span class='ocrx_word' id='word_1_195' title='bbox 1474 2852 1476 2854; x_wconf 38' lang='grc'><strong>’</strong></span> 
     </span>
    </p>
   </div>
   <div class='ocr_carea' id='block_1_4' title="bbox 504 3006 1490 3135">
    <p class='ocr_par' dir='ltr' id='par_1_14' title="bbox 504 3006 1490 3135">
     <span class='ocr_line' id='line_1_31' title="bbox 507 3006 1490 3066; baseline 0.002 -16"><span class='ocrx_word' id='word_1_196' title='bbox 507 3006 575 3051; x_wconf 88' lang='lat' dir='ltr'>Sit</span> <span class='ocrx_word' id='word_1_197' title='bbox 596 3007 758 3051; x_wconf 84' lang='lat' dir='ltr'>Medea</span> <span class='ocrx_word' id='word_1_198' title='bbox 776 3008 899 3051; x_wconf 84' lang='lat' dir='ltr'>ferox</span> <span class='ocrx_word' id='word_1_199' title='bbox 919 3008 1184 3066; x_wconf 88' lang='lat' dir='ltr'>invictaque,</span> <span class='ocrx_word' id='word_1_200' title='bbox 1206 3007 1367 3051; x_wconf 88' lang='lat' dir='ltr'>flebilis</span> <span class='ocrx_word' id='word_1_201' title='bbox 1390 3008 1490 3059; x_wconf 90' lang='lat' dir='ltr'>Ino,</span> 
     </span>
     <span class='ocr_line' id='line_1_32' title="bbox 504 3078 1479 3135; baseline 0 -14"><span class='ocrx_word' id='word_1_202' title='bbox 504 3078 705 3122; x_wconf 88' lang='lat' dir='ltr'>Perfidus</span> <span class='ocrx_word' id='word_1_203' title='bbox 728 3079 872 3132; x_wconf 87' lang='lat' dir='ltr'>Ixion,</span> <span class='ocrx_word' id='word_1_204' title='bbox 895 3079 947 3123; x_wconf 95' lang='lat' dir='ltr'>Io</span> <span class='ocrx_word' id='word_1_205' title='bbox 968 3094 1096 3135; x_wconf 67' lang='grc' dir='ltr'>υαρα,</span> <span class='ocrx_word' id='word_1_206' title='bbox 1118 3079 1257 3123; x_wconf 86' lang='lat' dir='ltr'>tristis</span> <span class='ocrx_word' id='word_1_207' title='bbox 1282 3078 1479 3123; x_wconf 86' lang='lat' dir='ltr'>Orestes.</span> 
     </span>
    </p>
   </div>
   <div class='ocr_carea' id='block_1_5' title="bbox 152 3203 1905 3371">
    <p class='ocr_par' dir='ltr' id='par_1_15' title="bbox 152 3203 1905 3371">
     <span class='ocr_line' id='line_1_33' title="bbox 154 3203 1904 3283; baseline 0.004 -23"><span class='ocrx_word' id='word_1_208' title='bbox 154 3212 186 3236; x_wconf 80' lang='lat'>‘⁶</span> <span class='ocrx_word' id='word_1_209' title='bbox 206 3203 350 3271; x_wconf 59' lang='lat' dir='ltr'>Sit?</span> <span class='ocrx_word' id='word_1_210' title='bbox 372 3205 582 3280; x_wconf 90' lang='lat' dir='ltr'>inquit,</span> <span class='ocrx_word' id='word_1_211' title='bbox 607 3205 722 3263; x_wconf 87' lang='lat' dir='ltr'>“Io</span> <span class='ocrx_word' id='word_1_212' title='bbox 745 3208 943 3283; x_wconf 86' lang='lat' dir='ltr'>vaga.”</span> <span class='ocrx_word' id='word_1_213' title='bbox 1022 3208 1319 3276; x_wconf 82' lang='lat' dir='ltr'>Quorsum</span> <span class='ocrx_word' id='word_1_214' title='bbox 1350 3206 1495 3263; x_wconf 89' lang='lat' dir='ltr'>illud</span> <span class='ocrx_word' id='word_1_215' title='bbox 1515 3207 1539 3265; x_wconf 70' lang='grc' dir='ltr'>’.ἰ</span> <span class='ocrx_word' id='word_1_216' title='bbox 1597 3207 1807 3267; x_wconf 92' lang='lat' dir='ltr'>Omnis</span> <span class='ocrx_word' id='word_1_217' title='bbox 1830 3210 1904 3267; x_wconf 92' lang='lat' dir='ltr'>de</span> 
     </span>
     <span class='ocr_line' id='line_1_34' title="bbox 152 3302 1905 3371; baseline 0.004 -16"><span class='ocrx_word' id='word_1_218' title='bbox 152 3318 223 3356; x_wconf 88' lang='lat' dir='ltr'>ea</span> <span class='ocrx_word' id='word_1_219' title='bbox 241 3302 498 3358; x_wconf 87' lang='lat' dir='ltr'>narratio</span> <span class='ocrx_word' id='word_1_220' title='bbox 519 3302 696 3359; x_wconf 89' lang='lat' dir='ltr'>meris</span> <span class='ocrx_word' id='word_1_221' title='bbox 718 3304 1007 3361; x_wconf 91' lang='lat' dir='ltr'>erroribus</span> <span class='ocrx_word' id='word_1_222' title='bbox 1027 3304 1390 3361; x_wconf 86' lang='lat' dir='ltr'>continetur:</span> <span class='ocrx_word' id='word_1_223' title='bbox 1430 3303 1537 3371; x_wconf 89' lang='lat' dir='ltr'>uti,</span> <span class='ocrx_word' id='word_1_224' title='bbox 1557 3303 1605 3361; x_wconf 91' lang='lat' dir='ltr'>si</span> <span class='ocrx_word' id='word_1_225' title='bbox 1628 3306 1704 3363; x_wconf 87' lang='lat' dir='ltr'>sit</span> <span class='ocrx_word' id='word_1_226' title='bbox 1727 3306 1905 3363; x_wconf 93' lang='lat' dir='ltr'>modo</span> 
     </span>
    </p>
   </div>
   <div class='ocr_carea' id='block_1_6' title="bbox 324 3510 1723 3572">
    <p class='ocr_par' dir='ltr' id='par_1_16' title="bbox 324 3510 1723 3572">
     <span class='ocr_line' id='line_1_35' title="bbox 324 3510 1723 3572; baseline 0.003 -18"><span class='ocrx_word' id='word_1_227' title='bbox 324 3510 342 3540; x_wconf 79' lang='lat' dir='ltr'><strong>f</strong></span> <span class='ocrx_word' id='word_1_228' title='bbox 370 3512 515 3555; x_wconf 82' lang='lat' dir='ltr'>Prom.</span> <span class='ocrx_word' id='word_1_229' title='bbox 538 3523 639 3570; x_wconf 85' lang='lat'><strong>570.</strong></span> <span class='ocrx_word' id='word_1_230' title='bbox 1211 3522 1236 3553; x_wconf 70' lang='lat' dir='ltr'><strong>g</strong></span> <span class='ocrx_word' id='word_1_231' title='bbox 1267 3515 1338 3558; x_wconf 90' lang='lat' dir='ltr'>De</span> <span class='ocrx_word' id='word_1_232' title='bbox 1357 3515 1457 3558; x_wconf 83' lang='lat' dir='ltr'>Art.</span> <span class='ocrx_word' id='word_1_233' title='bbox 1481 3515 1604 3558; x_wconf 84' lang='lat' dir='ltr'>Poet.</span> <span class='ocrx_word' id='word_1_234' title='bbox 1627 3529 1723 3572; x_wconf 87' lang='lat'><strong>123.</strong></span> 
     </span>
    </p>
   </div>
  </div>
 </body>
</html>
