2288 4036
981 251 1342 304 INDEX.

199 383 492 441 Pythayorica
542 379 734 438 Virgilii,
793 379 958 424 xxxvii
1016 379 1115 437 748.

256 442 408 485 xxxix.
433 441 533 498 783,
561 440 659 497 788,
685 450 783 496 792.

199 501 390 557 Pytheas
438 514 464 542 a
505 497 697 541 Pindaro
737 496 961 548 laudatus,
1012 511 1117 539 xxv.

286 559 360 601 08.

198 571 360 673 Py5thii
406 614 538 673 primi
600 614 779 658 initium
835 613 1112 670 expenditur,

259 689 393 717 xxvu.
417 685 517 730 553.

201 734 372 790 Pythice
402 729 748 799 προλογιζοῦσης
778 731 824 773 111
857 729 1118 774 Eumenidi-

260 791 346 835 bus
368 791 493 842 ratio,
516 790 606 833 xix.
630 801 731 847 357.
765 789 869 832 xxii.
893 799 995 846 417,
1015 802 1117 845 431.

207 965 526 1021 Quadriyarum
541 970 744 1016 rectores,
766 978 921 1007 eorum
938 965 1118 1016 clamor,

263 1025 382 1067 xxiv.
406 1024 507 1076 482.

206 1082 411 1133 Quercus,
436 1081 669 1125 Pindarica
700 1080 754 1125 de
781 1095 832 1124 ea
860 1080 1118 1133 similitudo,

263 1140 398 1183 xxvii.
427 1139 528 1196 546.

207 1199 470 1247 Quintiliani
502 1198 636 1243 verba
667 1205 912 1254 ponuntur,
949 1198 1008 1242 vi.
1048 1209 1118 1255 75.

263 1257 317 1300 de
338 1257 527 1315 Virgilio
549 1272 574 1300 a
594 1256 741 1313 pueris
763 1258 890 1308 lecto,
913 1258 972 1299 xl.
996 1258 1096 1300 802.

205 1315 401 1364 Quirites
442 1330 523 1359 cur
571 1322 787 1358 vocentur
826 1330 929 1371 apes
971 1315 1119 1372 Virgi-

260 1375 404 1425 lianae,
426 1374 590 1418 xxxvii.
609 1385 708 1430 753.
741 1388 767 1416 a
786 1373 956 1418 feritate
976 1373 1120 1418 vindi-

262 1432 377 1476 cavit
398 1432 628 1491 Virgilius,
649 1433 709 1475 Χ1.
734 1431 836 1475 806.

204 1609 399 1665 Rayneri
422 1607 556 1665 Regis
577 1607 737 1659 naenia,
758 1607 817 1651 iv.
841 1618 913 1662 50.

205 1667 405 1724 Raphael
420 1667 582 1717 Pictor,
604 1666 664 1709 iii.
690 1677 760 1722 27,
785 1680 855 1723 29.

208 1739 227 1769 1
246 1726 410 1782 Requm
438 1726 525 1769 xiv.
554 1739 621 1779 14.
655 1725 750 1783 ejus
782 1724 916 1768 verba
946 1738 1121 1782 ponun-

263 1792 351 1836 tur,
375 1800 419 1827 x.
447 1794 547 1850 154.

205 1818 499 1900 Reipu’blicae'
489 1842 641 1900 iniqua
655 1848 866 1909 tempora,
887 1856 979 1885 non
994 1856 1121 1899 pror-

265 1916 342 1944 sus
376 1917 402 1945 a
436 1901 566 1944 Poesi
597 1901 784 1967 aliena,
774 1915 802 1943 1.
826 1916 868 1955 4.
901 1900 1121 1957 gerendae,

264 1959 366 2003 duae
388 1960 558 2011 formae,
579 1959 715 2002 xxvii.
739 1970 840 2013 541.

206 2017 419 2074 Reliyiosi
440 2033 544 2061 cum
561 2017 768 2061 Lucretio
781 2017 1122 2069 consentienteS,

264 2092 398 2120 xxxv.
424 2086 671 2142 705—-712,

206 2134 505 2192 Reliquiarum
525 2134 694 2191 religio,
717 2134 761 2177 ii.
786 2148 809 2177 2
814 2148 855 2191 3

206 2193 500 2251 Repetitioues
530 2207 635 2236 cum
664 2193 842 2236 rusticis
871 2192 1120 2244 convenire,

262 2267 307 2295 Χ.
337 2251 435 2295 161.
467 2252 556 2295 xiv.
593 2261 693 2318 227.
739 2266 831 2295 11011
861 2265 1034 2308 semper
1066 2226 1123 2294 ad

264 2310 480 2354 desidiam
501 2309 733 2367 pertinere,
756 2310 860 2353 xvii.
886 2324 986 2376 291.
1023 2324 1122 2366 pre-

263 2369 390 2413 cibus
433 2369 692 2412 solennibus
740 2369 989 2420 convenire,
1032 2368 1121 2411 xxi.

265 2428 366 2484 388.
402 2426 676 2484 Sophocleae,
704 2427 910 2470 facilitate
940 2441 1033 2470 non
1054 2427 1122 2469 in-

265 2485 387 2529 curia
407 2485 627 2536 admissae,
645 2485 795 2528 xxviii
819 2484 920 2542 569.

205 2544 526 2610 Reproesentari
557 2543 675 2600 apud
707 2543 957 2586 Homerum
985 2543 1124 2600 pluri-

264 2617 339 2645 ma
359 2601 548 2659 singulis
569 2601 731 2653 verbis,
754 2600 915 2644 x.161.

207 2660 508 2712 “,Reteoeere''
541 2659 711 2703 dictum
734 2660 927 2704 Lucretii
949 2659 1003 2704 de
1031 2660 1123 2704 sole

265 2725 308 2762 et
329 2694 587 2775 vaporibus,
609 2719 745 2762 xxxii.
764 2718 865 2763 660.

207 2777 505 2820 Reverentiam
555 2777 801 2833 praesertim
855 2791 969 2834 opus
1026 2791 1122 2821 esse

264 2835 386 2891 apud
434 2835 688 2887 hodiernos,
725 2835 754 2879 i.
791 2849 833 2879 2.
886 2850 1031 2879 carere
1072 2850 1123 2879 ea

265 2894 556 2950 plebeculam,
581 2894 670 2936 xiii.
691 2908 791 2937 221.

208 2950 441 3008 Reynolds,
474 2951 662 3003 Joshua,
689 2952 910 3020 judicium
942 2953 1035 3010 ejus
1069 2951 1126 2996 de

267 3010 511 3064 Rubensio,
536 3021 605 3068 27
639 3010 746 3068 quid
778 3011 824 3053 in
844 3012 1016 3078 pictura
1042 3026 1124 3068 po-

266 3069 430 3112 eticum
447 3084 598 3126 sapere
613 3069 890 3127 judicaverit,
912 3070 972 3112 iii.
993 3070 1062 3113 28.

207 3126 433 3194 Rhapsodi
474 3128 671 3171 carmina
709 3142 809 3171 raro
860 3127 1124 3179 scribebant,

265 3186 415 3230 xxviii.
437 3197 539 3243 551.
568 3201 647 3230 cur
676 3186 843 3230 invidia
865 3188 1126 3245 plerumque

265 3244 499 3296 caruerint,
525 3255 626 3302 552.
660 3260 854 3303 quonam
883 3246 986 3289 Dm
1018 3260 1126 3288 con-

265 3302 362 3346 81110
384 3303 473 3346 81111
493 3303 647 3354 exorti,
670 3315 772 3362 559.

208 3360 419 3404 Rhetores
453 3376 558 3404 cum
594 3361 742 3405 Poetis
778 3368 1123 3420 componuntur,

265 3430 494 3477 111·37-3

207 3477 401 3534 Rhipeus
421 3434 566 3521 Tro9ae
587 3478 775 3531 occisus,
797 3478 946 3521 xxxvi.
972 3488 1072 3536 733.

208 3534 429 3579 Ricardus
444 3536 533 3580 ΙΙ.
555 3537 675 3594 apud
694 3536 1015 3594 Shaksperum,
1031 3536 1123 3580 xxi.

265 3607 368 3647 404-

209 3651 404 3695 Ridiculi
423 3659 547 3696 metu
566 3654 708 3697 multa
726 3654 875 3705 taceri,
897 3669 942 3698 v.
960 3652 1032 3708 64.

210 3709 395 3753 Romani
438 3719 618 3768 propter
657 3712 898 3770 Virgilium
937 3712 1124 3756 fortasse

2011 255 2120 307 847

1261 379 1473 430 mitiores,
1507 379 1657 423 xxxvi.
1690 389 1788 437 737.
1823 393 1927 422 cum
1958 379 2118 436 apibus

1261 438 1415 482 festive
1437 446 1782 494 componuntur,
1804 438 1970 481 xxxvii.
1997 449 2096 495 752.

1201 496 1274 539 Ad
1286 497 1503 539 Romanos
1523 497 1612 539 viii.
1637 510 1707 539 22.
1740 497 1830 539 xix.
1855 510 1956 553 349.

1203 555 1375 598 Rubeus
1398 555 1547 598 Pictor
1568 570 1672 598 cum
1696 554 1916 611 Raphaele
1939 569 2118 611 compo-

1260 614 1396 665 nitur,
1433 613 1493 656 iii.
1530 623 1600 671 27.
1645 613 1774 657 etiam
1807 613 1855 655 in
1886 614 2121 671 utriusque

1261 672 1428 723 erratis,
1455 686 1524 729 29.

1203 730 1382 773 Runicoe
1404 730 1646 780 cantilenae,
1668 729 1728 771 ix.
1757 729 1854 772 126.

1205 788 1340 831 Ruris
1368 789 1550 846 quinam
1578 788 1667 831 sint
1698 802 1798 831 vere
1827 794 2037 839 amantes,
2074 788 2119 831 ii.

1267 847 1334 889 18.
1368 862 1523 890 eorum
1554 846 1643 889 duo
1675 861 1849 903 genera,
1874 846 1974 890 620.
2009 846 2120 890 divi-

1262 905 1383 948 nitus
1412 904 1543 948 hodie
1568 905 1716 961 vigere
1743 905 1881 948 istum
1908 919 2119 957 amorem,

1264 962 1364 1006 626.
1417 963 1615 1020 insignes
1657 963 1752 1020 ejus
1795 963 1914 1020 apud
1957 963 2120 1007 Lucre-

1263 1021 1377 1065 tium
1396 1022 1565 1073 laudes,
1588 1022 1724 1064 xxxii.
1748 1020 1848 1064 661.
1887 1028 2119 1073 amatores,

1264 1081 1320 1123 ad
1346 1095 1500 1124 eorum
1529 1087 1693 1123 sectam
1723 1079 1777 1123 de
1798 1080 1987 1138 Virgilio
2018 1095 2120 1137 pro-

1264 1145 1463 1190 vocatur,
1486 1139 1651 1183 xxxvii.
1677 1149 1776 1196 739.

1206 1197 1401 1240 Russicoe
1421 1197 1573 1248 literae,
1596 1197 1684 1240 xvi.
1710 1208 1809 1255 279.

1207 1256 1452 1299 Rustic-itas
1496 1255 1747 1306 Homerica,
1790 1270 1834 1298 x.
1875 1266 1972 1312 153.
2023 1270 2119 1313 sqq.

1265 1313 1539 1357 Rusticitatis
1558 1320 1600 1357 et
1616 1288 1912 1370 Philosophiae
1935 1328 2122 1357 consen-

1267 1372 1346 1423 sio,
1368 1373 1532 1416 xxxvii.
1553 1373 1651 1430 748.

1208 1431 1381 1474 Rustici
1395 1431 1541 1474 Poetae
1562 1446 1654 1474 non
1675 1430 1823 1474 statim
1840 1430 2022 1487 agnosci
2043 1445 2122 1487 po-

1265 1495 1430 1541 terunt,
1452 1504 1555 1532 xxx.
1579 1490 1680 1532 611.
1711 1488 1843 1532 otiosi
1863 1490 2123 1546 plerumque

1266 1554 1309 1590 et
1321 1547 1594 1599 umbratiles,
1611 1546 1663 1590 61
1672 1561 1711 1590 2.
1731 1547 1915 1590 seriores
1928 1548 2123 1604 plerum-

1267 1621 1366 1664 que,
1388 1606 1494 1649 ibid.
1528 1607 1565 1649 si
1586 1606 1663 1665 qui
1683 1605 1803 1663 apud
1826 1604 2006 1649 Graecos
2028 1606 2124 1649 fue-

1264 1665 1370 1716 rint,
1388 1679 1522 1723 quare
1538 1680 1630 1708 non
1647 1671 1810 1716 extent,
1826 1664 1927 1707 618.
1951 1664 2125 1707 Natura

1265 1730 1367 1780 post
1408 1730 1613 1766 actuosos
1655 1724 1842 1774 venisse,
1887 1722 1989 1780 619.
2023 1738 2123 1779 par-

1265 1782 1346 1825 tim
1368 1782 1423 1825 ab
1452 1782 1717 1833 Homericis,
1750 1781 1911 1838 partim
1939 1781 1994 1824 ab
2017 1781 2124 1825 AEs-

1266 1840 1431 1898 chyleis
1466 1840 1662 1891 derivati,
1701 1815 1803 1883 '620.
1848 1854 1928 1883 cur
1962 1839 2015 1883 iis
2053 1854 2124 1883 ca-

1265 1899 1434 1942 ruerint
1476 1874 1671 1951 Hebraei,
1714 1898 1816 1941 622.
1868 1898 1967 1954 ipso
2010 1904 2122 1941 tem-

1266 1958 1385 2014 poris
1408 1957 1592 2001 articulo
1607 1958 1860 2015 viguerunt,
1877 1955 1978 2013 625.
2002 1957 2122 2000 xxxi.

1267 2015 1367 2073 631.
1419 2031 1512 2059 non
1551 2015 1652 2059 ideo
1698 2014 1971 2072 spernendos
2012 2030 2123 2067 esse,

1267 2074 1387 2140 quod
1423 2074 1470 2117 in
1502 2081 1646 2117 vetere
1681 2073 1880 2117 Ecclesia
1909 2073 2022 2117 nulli
2053 2074 2124 2117 fu-

1266 2133 1396 2183 erint,
1435 2131 1536 2176 626.
1570 2147 1650 2175 cur
1679 2132 1726 2175 in
1757 2132 1810 2175 iis
1845 2131 2125 2176 mediocritas

1268 2192 1439 2249 aequius
1471 2191 1651 2243 feratur,
1683 2189 1784 2245 644.
1819 2190 2023 2234 subtilior
2051 2205 2125 2234 eo-

1264 2264 1367 2293 rum
1388 2250 1513 2301 ratio,
1535 2249 1671 2293 xxxii.
1690 2248 1791 2303 646.
1825 2248 2045 2305 duplicem
2067 2249 2126 2293 ob

1265 2308 1400 2352 finem
1463 2309 1646 2352 concedi
1707 2323 1782 2351 eos
1847 2308 2127 2360 mortalibus,

1266 2382 1399 2410 xxxv.
1425 2377 1525 2424 713.

1210 2425 1402 2468 Rusticoe
1422 2426 1484 2468 rei
1504 2424 1803 2468 infensissima
1817 2439 1952 2476 arma,
1974 2425 2125 2470 xxxvi.

1270 2495 1370 2541 735·
1643 2541 1690 2585 S.

1210 2600 1493 2702 Sagramenta
1523 2599 1578 2644 ab
1609 2599 1876 2657 imperfectis
1905 2600 2048 2652 celari,
2081 2614 2125 2644 v.

1209 2673 1585 2761 Sacfiamentorum
1652 2716 1860 2760 Ecclesiae
1927 2717 2126 2774 poeticus

1265 2775 1447 2834 quidam
1467 2791 1594 2827 usus,
1616 2790 1721 2818 xxx.
1744 2774 1845 2829 624.

1208 2835 1488 2879 Sacrosaneti
1502 2835 1663 2886 Poetae,
1679 2840 1942 2877 caeterorum
1953 2848 2125 2886 norma,

1265 2909 1309 2937 x.
1353 2904 1450 2950 147.
1505 2894 1587 2936 soli
1628 2892 1737 2950 quid
1775 2894 1939 2936 vellent
1978 2892 2125 2936 verbis

1267 2958 1594 3008 expresserunt,
1622 2950 1719 3008 163.

1211 3011 1378 3054 Saeculo
1410 3025 1466 3053 ne
1496 3010 1686 3053 nimium
1717 3009 1954 3061 tribuatur,
1976 3009 2033 3053 vi.
2052 3010 2124 3066 85.

1268 3084 1421 3127 parere
1449 3068 1496 3111 id
1525 3068 1700 3125 magnis
1731 3067 1894 3119 Poetis,
1918 3083 2009 3111 non
2041 3068 2126 3111 im-

1266 3142 1432 3184 perare,
1453 3127 1513 3170 ix.
1542 3140 1638 3180 141.
1672 3126 1755 3169 soli
1779 3141 1871 3169 non
1891 3126 2128 3170 tribuenda

1271 3186 1479 3229 Herberti
1498 3186 1625 3236 ratio,
1646 3185 1765 3228 xxiv.
1788 3195 1889 3242 472.

1212 3244 1550 3300 Sayittariorum
1603 3243 1789 3287 vocibus
1846 3243 1912 3287 uti
1964 3242 2127 3286 Pinda-

1268 3318 1384 3354 rum,
1407 3303 1526 3346 xxiv.
1549 3302 1650 3356 484.

1211 3336 1452 3405 Salaminia
1489 3360 1610 3418 apud
1650 3359 1919 3417 AEschylum
1959 3373 2126 3416 pugna,

1267 3420 1371 3463 xvii.
1410 3433 1512 3476 300.
1549 3418 1670 3475 apud
1711 3418 1970 3469 Pindarum,
2006 3417 2126 3462 xxvi.

1269 3479 1370 3536 528.
1393 3477 1648 3536 AEginetae
1637 3492 1685 3520 m
1707 3491 1757 3519 ea
1776 3476 2004 3543 praecipui,
2023 3486 2126 3542 535.

1209 3537 1445 3581 Sallustius
1458 3535 1753 3594 Empedoclea
1769 3535 1959 3592 scripsit,
1976 3534 2127 3579 xxxiv.

1211 3654 1453 3697 Salomonis
1475 3652 1593 3711 apud
1616 3652 1863 3696 Orientales
1884 3649 2045 3707 magia,
2067 3650 2127 3694 xl.

1268 3713 1371 3769 807.
