2288 4036
198 285 355 317 PRAEL.
371 282 565 315 xxxvn.
711 278 828 312 rure
851 277 936 311 suo
961 275 1130 309 carere
1156 274 1252 306 non
1267 254 1502 323 potuisse.
1839 251 1941 302 755

285 408 504 464 Contra
554 423 671 459 non
717 404 945 466 desunt,
992 418 1124 472 quae
1175 395 1449 471 querulos
1499 393 1807 448 imitentur
1852 388 1945 444 vel

204 504 412 558 vitium
473 499 565 555 vel
627 499 931 556 hortorum
992 493 1261 558 cultoreS,
1321 488 1656 546 molestiore
1709 484 1947 559 quidem

205 598 339 654 anni
371 604 636 670 tempore
655 591 700 649 ¹¹.

438 708 497 751 Et
518 722 621 750 cum
643 707 784 749 tristis
803 705 958 762 hyems
981 703 1223 756 etiamnum
1244 701 1407 757 frigore
1429 713 1532 742 saxa

441 780 695 836 Rumperet,
718 786 760 822 et
781 778 919 835 glacie
940 791 1098 821 cursus
1119 775 1322 818 fraenaret
1344 786 1572 830 aquarum,

442 850 522 893 Ine
543 864 715 893 comam
736 849 882 892 mollis
899 848 989 904 jam
1011 846 1223 890 tondebat
1242 841 1484 899 hyacinthi,

441 922 659 967 AEstatem
682 921 949 977 increpitans
969 934 1122 969 seram,
1147 917 1460 974 Zephyrosque
1480 918 1708 957 morantes.

448 1025 956 1038 ..................
975 990 1095 1034 iUbi
1115 989 1276 1047 pallida
1297 995 1448 1044 surget

442 1065 625 1108 Tithoni
646 1079 850 1108 croceum
870 1064 1075 1121 linquens
1098 1063 1272 1105 Aurora
1294 1060 1452 1111 cubile,

445 1137 542 1179 Heu
561 1137 670 1179 male
689 1143 788 1180 tum
809 1137 931 1178 mites
952 1134 1156 1179 defendet
1177 1133 1412 1190 pampinus
1434 1146 1558 1181 uvas,

444 1208 557 1251 Tam
577 1209 718 1251 multa
738 1208 784 1250 in
805 1208 930 1250 tectis
954 1207 1171 1263 crepitans
1196 1206 1294 1249 salit
1316 1205 1494 1248 horrida
1515 1202 1700 1260 grando.

215 1312 416 1388 Fingit
467 1311 690 1368 scilicet
737 1312 825 1367 vir
875 1312 1120 1386 agrestis
1171 1308 1568 1366 misericordia
1607 1306 1854 1380 quadam
1904 1321 1965 1358 se

219 1408 417 1485 tangi3
456 1408 630 1482 plane
660 1408 822 1481 quasi
855 1408 1112 1462 sentiant
1143 1406 1377 1462 frondes
1417 1412 1477 1461 et
1519 1422 1694 1477 poma
1730 1400 1967 1456 tractari

217 1523 278 1559 se
308 1504 571 1560 acerbius
601 1509 780 1577 atque
811 1503 1122 1578 indignius.

303 1598 416 1655 His
451 1599 722 1655 omnibus
762 1597 1194 1664 animadversiS,
1227 1617 1343 1653 non
1375 1598 1486 1652 erit
1518 1615 1620 1651 cur
1658 1592 1969 1656 miremini,

220 1713 294 1751 ex
340 1694 440 1751 illa
483 1713 715 1769 quoque
759 1703 926 1769 parte
971 1694 1262 1750 laborasse
1308 1692 1627 1769 Virgilium
1674 1689 1972 1746 communi

220 1790 602 1867 agricolarum
647 1790 884 1859 affectu,
915 1791 1072 1865 quod
1101 1791 1346 1846 minime
1377 1808 1574 1846 carere
1617 1788 1812 1862 potuit
1857 1804 1975 1841 non

223 1886 412 1943 solum
442 1905 595 1952 rure,
628 1905 830 1942 verum
864 1888 1044 1942 etiam
1081 1905 1220 1942 rure
1248 1905 1350 1942 suo
1371 1907 1388 1940 .·
1438 1885 1595 1959 quod
1640 1883 1872 1958 proprio
1916 1889 1978 1937 et

223 1983 516 2057 praecipuo
546 2000 744 2038 amore
774 1989 1083 2057 paternum
1117 1983 1263 2038 adeo
1295 1983 1668 2038 adamaverat
1698 1978 1976 2054 agellum,

225 2088 293 2134 ut
340 2079 500 2136 salvo
546 2098 632 2145 ee,
681 2078 905 2135 salvum
953 2097 1014 2134 se
1064 2078 1325 2144 haberet,
1370 2076 1618 2152 perditO,
1664 2075 1977 2150 perditum.

228 2173 441 2242 Quare,
486 2180 554 2230 ut
599 2173 883 2238 dicebam,
932 2171 1076 2227 nihil
1130 2171 1302 2228 facile
1352 2178 1671 2247 negat-urus
1718 2174 1843 2224 erat
1893 2165 1979 2222 illi

228 2276 491 2344 patronO,
537 2270 636 2344 qui
688 2268 811 2324 solo
866 2287 970 2324 suo
1024 2288 1269 2324 munere
1321 2267 1576 2343 agellum
1631 2264 1982 2340 praestiterat

229 2365 620 2422 incolumem:
668 2366 788 2420 sive
818 2364 919 2419 ille
944 2363 1254 2440 Augustus
1285 2364 1478 2428 fuerit,
1511 2363 1648 2428 sive,
1673 2361 1829 2435 quod
1861 2358 1983 2414 veri

231 2462 383 2517 forte
423 2461 688 2526 similiuS,
722 2459 1041 2516 Maecenas.
1131 2459 1191 2516 Is
1231 2467 1432 2516 autem
1472 2477 1637 2514 amor
1666 2475 1842 2531 quam
1885 2474 1985 2529 pe-

231 2558 391 2613 nitus
441 2557 502 2611 in
543 2555 798 2630 Virgilio
851 2555 1150 2622 insederit,
1197 2555 1536 2611 testimonio
1589 2572 1715 2609 esse
1765 2551 1985 2626 poterit

232 2653 333 2709 illa
379 2652 616 2727 Ecloga,
662 2671 790 2725 quae
835 2652 1046 2707 merito
1096 2651 1282 2726 prima
1329 2650 1613 2716 habetur3
1661 2656 1790 2704 tum
1836 2651 1988 2704 tem-

234 2749 389 2823 poris
433 2748 677 2814 ratione,
711 2747 871 2819 (nam
904 2753 1132 2803 caeterae
1174 2765 1378 2803 omnes
1414 2765 1475 2803 se
1515 2748 1652 2820 ipsae
1687 2743 1987 2801 declarant

234 2845 607 2910 recentioreS,
654 2843 911 2918 excipias
950 2843 1125 2899 modo
1170 2843 1485 2899 secundam
1528 2849 1589 2898 et
1631 2841 1986 2916 septimam,)

235 2945 366 2994 tum
396 2938 673 3012 quoniam
705 2956 774 2993 ea
808 2956 985 2992 manu
1017 2936 1451 3010 quodammodo
1484 2935 1648 2991 ducit
1677 2935 1752 2991 ad
1781 2933 1991 2990 intima

237 3035 401 3108 quasi
433 3033 782 3109 Virgilianae
827 3032 1080 3089 Poeseos
1125 3041 1364 3089 secreta.
1454 3031 1712 3098 Etenim,
1758 3031 1879 3087 sive
1917 3032 1991 3088 de

238 3148 300 3186 se
345 3128 649 3204 deplorare
693 3130 937 3204 coeperit
977 3129 1316 3194 Meliboeus,
1358 3148 1460 3185 seu
1506 3128 1750 3184 feliciori
1793 3136 1994 3203 gratu-

240 3224 397 3280 letur
441 3224 667 3299 Tityro,
699 3224 966 3280 videmus
1005 3243 1080 3279 ex
1126 3223 1246 3280 alto
1291 3224 1648 3280 commoveri
1681 3223 1994 3298 Scriptoris

240 3322 519 3387 animum,
549 3340 742 3396 neque
774 3321 846 3377 de
884 3341 946 3377 re
985 3322 1079 3397 agi
1121 3321 1236 3378 levi
1277 3321 1471 3396 aliqua
1510 3342 1577 3378 ac
1622 3321 1860 3387 ludicra,
1893 3320 1995 3377 sed

239 3415 437 3490 potius
483 3415 557 3471 de
600 3416 724 3472 vita
765 3417 943 3490 ipsius
988 3426 1048 3472 et
1091 3418 1392 3493 sanguine.
1483 3417 1750 3474 Obscura
1796 3417 1997 3473 videli-

417 3602 442 3633 11
469 3604 624 3661 Georq.
648 3621 688 3659 4.
717 3619 814 3663 135.
1037 3673 1071 3724 3
1175 3674 1209 3724 2
1482 3614 1492 3643 i
1515 3607 1626 3650 Ibid.
1657 3621 1692 3649 1.
1718 3607 1817 3660 446.

1106 3685 1139 3724 C
