2288 4036
353 158 465 208 ‚524
620 158 918 211 Pindarum
943 176 1058 210 cum
1072 159 1260 228 pueris
1284 159 1525 212 volentem
1552 159 1728 212 ludere
1748 183 1764 213 .·
1825 179 1989 212 Pam..
2011 177 2160 211 xxvl.

355 304 549 360 cuisse
611 305 996 370 sententiam,
1049 323 1169 361 non
1224 305 1402 362 unius
1454 325 1652 382 neque
1711 307 1910 383 gentis
1963 326 2160 384 neque

355 401 573 460 saeculi.
667 401 831 460 Hinc
865 422 936 459 ea
967 423 1105 478 quae
1140 401 1433 460 Horatius
1465 405 1540 462 de
1573 424 1636 462 se
1667 413 1901 463 narrat:

859 546 877 564 ¹¹
900 538 1034 583 Ludo
1056 540 1388 599 fatigatumque
1412 556 1590 594 somno,

1085 614 1263 658 Fronde
1285 629 1405 659 nova
1426 630 1619 673 puerum
1643 616 1880 674 palumbes

717 689 915 732 Texere:
950 688 1120 732 mirum
1143 688 1266 747 quod
1289 689 1404 732 foret
1426 689 1675 742 omnibus„
1696 726 1705 735 .
1728 725 1736 734 .
1757 725 1765 735 .

720 761 786 805 Ut
808 768 908 805 tuto
932 761 988 806 ab
1012 762 1120 806 atris
1145 777 1333 820 corpore
1356 763 1522 820 viperis

720 835 981 879 Dormirem
1004 843 1048 880 et
1069 836 1189 880 ursis
1206 855 1219 889 3
1254 844 1306 881 ut
1327 853 1556 895 premerer
1579 853 1708 883 sacra

781 908 1040 969 Lauroque,
1064 911 1315 970 collataque
1337 919 1504 970 myrto,

840 983 951 1027 Non
974 984 1070 1028 sine
1095 984 1179 1028 Dis
1203 984 1437 1029 animosus
1459 985 1624 1030 infans.

354 1107 518 1166 Hinc
557 1129 628 1166 ea
659 1130 795 1185 quae
831 1109 1012 1186 vulgo
1054 1109 1211 1185 apud
1260 1129 1369 1166 nos
1414 1110 1811 1186 perhibentur
1852 1111 1927 1169 de
1975 1132 2159 1188 puero

351 1209 609 1283 quodam
662 1217 724 1265 et
778 1208 1000 1285 puella,
1049 1208 1267 1285 quibus
1315 1209 1376 1265 in
1424 1208 1590 1278 silva,
1638 1210 1799 1267 fame
1847 1217 1911 1267 et
1960 1231 2159 1268 errore

351 1307 663 1376 confectiS,
690 1308 862 1383 copia
889 1307 1193 1364 frondium
1221 1305 1440 1364 ultima
1471 1307 1781 1366 solverunt
1805 1328 1962 1367 aves,
2058 1308 2159 1367 Sic

350 1415 555 1464 autem
589 1406 900 1484 intellig03
946 1406 1190 1464 subesse
1222 1407 1557 1464 istiusmodi
1596 1407 1722 1465 sive
1754 1407 2000 1465 somniis
2033 1409 2159 1466 sive

349 1506 677 1564 historiolis
727 1507 1228 1585 significationem
1274 1506 1538 1583 aliquam
1580 1527 1703 1564 non
1747 1507 1899 1564 adeo
1947 1507 2159 1565 obscu-

351 1625 476 1663 ram
511 1626 789 1682 supernae
822 1606 995 1663 Illius
1034 1606 1462 1683 BenignitatiS,
1494 1627 1632 1682 quae
1665 1607 1834 1683 quasi
1867 1614 2155 1664 tesseram

346 1706 652 1780 quandam
692 1706 782 1762 sui
817 1705 1052 1762 dederit
1090 1705 1372 1762 omnibus
1414 1705 1578 1762 omni
1624 1707 1686 1762 in
1728 1705 1861 1763 loco
1901 1705 2158 1762 homini-

349 1804 478 1873 bus,
500 1803 714 1861 florum
743 1803 1076 1880 praesertim
1101 1823 1294 1881 genus
1319 1813 1382 1862 et
1407 1805 1683 1862 suavium
1710 1805 2056 1863 herbarum:
2094 1805 2155 1861 id

348 1905 509 1978 quod
554 1903 1002 1981 elegantissime
1040 1903 1379 1961 docuerunt
1411 1912 1663 1972 vetereS‚
1704 1903 1974 1971 istarum,
2007 1921 2155 1978 quas

348 2004 491 2067 dixi,
525 2002 883 2060 fabellarum
918 2021 1067 2078 ope3
1116 2003 1341 2078 quippe
1373 2022 1630 2078 quarum
1671 2022 1743 2060 ea
1780 2003 1857 2060 sit
1899 2021 2153 2069 summa,

346 2108 417 2159 ut
478 2102 705 2159 nemini
765 2102 985 2158 misero
1046 2101 1420 2159 accusandus
1481 2101 1558 2159 sit
1619 2101 1807 2169 Deus,
1861 2108 2152 2176 tanquam

345 2202 586 2277 iniquus
619 2209 682 2258 et
713 2220 974 2267 averSUS,
1008 2201 1103 2258 cui
1139 2201 1234 2258 vel
1267 2200 1446 2258 unica
1481 2208 1705 2277 praesto
1738 2202 1815 2259 sit
1847 2201 1909 2257 in
1941 2201 2153 2258 arbore

346 2301 443 2359 vel
474 2302 746 2379 gramine
777 2300 1012 2357 virente
1042 2319 1305 2377 gemma.

429 2400 571 2458 Jam
603 2407 809 2458 autem
847 2401 1035 2466 vide0‚
1071 2400 1217 2456 dum
1259 2398 1388 2456 haec
1431 2418 1771 2475 persequor,
1804 2399 2153 2475 impruden-

343 2506 466 2557 tem
502 2519 602 2556 me
634 2498 915 2556 incidisse
946 2498 1007 2554 in
1040 2496 1301 2555 alterum
1334 2496 1507 2554 illum
1535 2496 1867 2554 Pindaricae
1890 2496 2150 2555 Poeseos

343 2598 595 2667 fontem,
627 2597 789 2674 quod
835 2597 885 2654 is
929 2597 991 2653 in
1039 2595 1270 2654 deliciis
1317 2595 1540 2653 habere
1586 2595 1759 2662 solet,
1794 2596 1964 2672 siqua
1993 2595 2150 2653 forte

341 2697 610 2772 injicitur
650 2697 880 2753 mentio
926 2714 1249 2772 puerorum
1298 2693 1483 2762 lusus,
1516 2693 1910 2769 omniumque
1941 2693 2148 2761 ferme,

342 2816 480 2872 quae
518 2796 594 2854 ad
636 2815 770 2854 eam
803 2803 1053 2852 aetatem
1100 2794 1428 2871 pertinent.
1519 2793 1698 2862 Quod
1732 2792 1930 2869 ipsum
1961 2792 2147 2849 etiam

340 2895 492 2952 mire
542 2895 827 2953 convenit
873 2914 1014 2952 cum
1068 2892 1342 2969 simplice
1390 2893 1499 2949 viri
1547 2892 1844 2969 bonitate2
1885 2909 2147 2966 cumque

339 2994 543 3051 animo
586 3013 826 3070 semper
865 2993 940 3050 ad
987 2992 1218 3050 laetiora
1262 3009 1581 3067 propenso.
1671 2989 1814 3047 Jam
1847 2990 1922 3046 de
1964 3008 2146 3065 puero

340 3091 512 3149 Iamo
545 3092 689 3168 quid
720 3093 944 3148 attinet
976 3100 1044 3148 ut
1075 3090 1250 3167 plura
1282 3088 1595 3146 dicamus?
1648 3108 1788 3145 cum
1831 3107 1908 3144 ne
1951 3094 2147 3144 mater

339 3190 586 3265 quidem
631 3190 760 3266 ipsa
792 3190 1120 3266 quidquam
1163 3188 1288 3246 ullo
1331 3197 1606 3264 tempore
1651 3187 1920 3263 potuerit
1955 3185 2146 3242 effun-

338 3287 482 3345 dere
542 3294 648 3345 aut
709 3289 976 3345 tenerius
1024 3295 1131 3345 aut
1180 3286 1555 3363 exquisitius,
1601 3306 1782 3362 quam
1834 3285 2002 3351 illud,
2047 3285 2145 3353 βε-

997 3507 1021 3528 ¹¹
1049 3499 1195 3552 Carm.
1221 3499 1281 3542 iii.
1307 3499 1364 3543 iv.
1400 3513 1463 3542 [Ι.
