<?xml version="1.0" encoding="UTF-8"?>
<!DOCTYPE html PUBLIC "-//W3C//DTD XHTML 1.0 Transitional//EN"
    "http://www.w3.org/TR/xhtml1/DTD/xhtml1-transitional.dtd">
<html xmlns="http://www.w3.org/1999/xhtml" xml:lang="en" lang="en">
 <head>
  <title>
</title>
<meta http-equiv="Content-Type" content="text/html;charset=utf-8" />
  <meta name='ocr-system' content='tesseract 3.04.00' />
  <meta name='ocr-capabilities' content='ocr_page ocr_carea ocr_par ocr_line ocrx_word'/>
</head>
<body>
  <div class='ocr_page' id='page_1' title='image "./a588873902kebluoft_0379.png"; bbox 0 0 2288 4036; ppageno 0'>
   <div class='ocr_carea' id='block_1_1' title="bbox 209 249 1957 319">
    <p class='ocr_par' dir='ltr' id='par_1_1' title="bbox 209 249 1957 319">
     <span class='ocr_line' id='line_1_1' title="bbox 209 249 1957 319; baseline 0.001 -18"><span class='ocrx_word' id='word_1_1' title='bbox 209 269 362 301; x_wconf 82' lang='lat' dir='ltr'><strong>PRAEL.</strong></span> <span class='ocrx_word' id='word_1_2' title='bbox 386 269 586 301; x_wconf 83' lang='lat' dir='ltr'>xxxvn.</span> <span class='ocrx_word' id='word_1_3' title='bbox 662 258 706 301; x_wconf 75' lang='lat' dir='ltr'>et</span> <span class='ocrx_word' id='word_1_4' title='bbox 729 250 881 319; x_wconf 70' lang='lat' dir='ltr'>ayelli</span> <span class='ocrx_word' id='word_1_5' title='bbox 893 267 1045 319; x_wconf 52' lang='lat' dir='ltr'>perne</span> <span class='ocrx_word' id='word_1_6' title='bbox 1056 249 1257 317; x_wconf 74' lang='lat' dir='ltr'>perditi</span> <span class='ocrx_word' id='word_1_7' title='bbox 1281 249 1533 300; x_wconf 76' lang='lat' dir='ltr'>memoria.</span> <span class='ocrx_word' id='word_1_8' title='bbox 1851 250 1957 303; x_wconf 82' lang='lat'>757</span> 
     </span>
    </p>
   </div>
   <div class='ocr_carea' id='block_1_2' title="bbox 442 387 1489 517">
    <p class='ocr_par' dir='ltr' id='par_1_2' title="bbox 442 387 1489 517">
     <span class='ocr_line' id='line_1_2' title="bbox 442 387 1489 447; baseline -0.002 -15"><span class='ocrx_word' id='word_1_9' title='bbox 442 389 500 432; x_wconf 88' lang='lat' dir='ltr'>Et</span> <span class='ocrx_word' id='word_1_10' title='bbox 522 390 693 447; x_wconf 84' lang='lat' dir='ltr'>qualern</span> <span class='ocrx_word' id='word_1_11' title='bbox 715 388 866 432; x_wconf 84' lang='lat' dir='ltr'>infelix</span> <span class='ocrx_word' id='word_1_12' title='bbox 887 387 1033 431; x_wconf 89' lang='lat' dir='ltr'>amisit</span> <span class='ocrx_word' id='word_1_13' title='bbox 1055 387 1245 431; x_wconf 86' lang='lat' dir='ltr'>Mantua</span> <span class='ocrx_word' id='word_1_14' title='bbox 1266 402 1489 444; x_wconf 90' lang='lat' dir='ltr'>campum,</span> 
     </span>
     <span class='ocr_line' id='line_1_3' title="bbox 442 459 1485 517; baseline -0.002 -13"><span class='ocrx_word' id='word_1_15' title='bbox 442 460 699 504; x_wconf 89' lang='lat' dir='ltr'>Pascentem</span> <span class='ocrx_word' id='word_1_16' title='bbox 719 461 871 504; x_wconf 90' lang='lat' dir='ltr'>niveos</span> <span class='ocrx_word' id='word_1_17' title='bbox 893 459 1084 504; x_wconf 90' lang='lat' dir='ltr'>herboso</span> <span class='ocrx_word' id='word_1_18' title='bbox 1104 460 1287 503; x_wconf 89' lang='lat' dir='ltr'>flumine</span> <span class='ocrx_word' id='word_1_19' title='bbox 1308 473 1485 517; x_wconf 86' lang='lat' dir='ltr'>cycnos.</span> 
     </span>
    </p>
   </div>
   <div class='ocr_carea' id='block_1_3' title="bbox 207 577 1956 751">
    <p class='ocr_par' dir='ltr' id='par_1_3' title="bbox 207 577 1956 751">
     <span class='ocr_line' id='line_1_4' title="bbox 299 577 1956 655; baseline 0.001 -20"><span class='ocrx_word' id='word_1_20' title='bbox 299 580 631 648; x_wconf 82' lang='lat' dir='ltr'><strong>Quamnam</strong></span> <span class='ocrx_word' id='word_1_21' title='bbox 682 598 853 655; x_wconf 89' lang='lat' dir='ltr'>porro</span> <span class='ocrx_word' id='word_1_22' title='bbox 905 580 1024 635; x_wconf 89' lang='lat' dir='ltr'>vim</span> <span class='ocrx_word' id='word_1_23' title='bbox 1074 578 1254 636; x_wconf 88' lang='lat' dir='ltr'>habet</span> <span class='ocrx_word' id='word_1_24' title='bbox 1302 577 1540 636; x_wconf 77' lang='lat' dir='ltr'>Aristaei</span> <span class='ocrx_word' id='word_1_25' title='bbox 1592 578 1803 636; x_wconf 91' lang='lat' dir='ltr'>flebilis</span> <span class='ocrx_word' id='word_1_26' title='bbox 1853 578 1956 636; x_wconf 91' lang='lat' dir='ltr'>illa</span> 
     </span>
     <span class='ocr_line' id='line_1_5' title="bbox 207 675 1675 751; baseline 0.001 -20"><span class='ocrx_word' id='word_1_27' title='bbox 207 695 336 742; x_wconf 88' lang='lat' dir='ltr'>vox,</span> <span class='ocrx_word' id='word_1_28' title='bbox 368 676 606 732; x_wconf 89' lang='lat' dir='ltr'>amissas</span> <span class='ocrx_word' id='word_1_29' title='bbox 635 676 791 750; x_wconf 89' lang='lat' dir='ltr'>apud</span> <span class='ocrx_word' id='word_1_30' title='bbox 820 682 1071 732; x_wconf 90' lang='lat' dir='ltr'>matrem</span> <span class='ocrx_word' id='word_1_31' title='bbox 1103 677 1405 750; x_wconf 81' lang='lat' dir='ltr'>querentis</span> <span class='ocrx_word' id='word_1_32' title='bbox 1434 694 1575 751; x_wconf 90' lang='lat' dir='ltr'>apes</span> <span class='ocrx_word' id='word_1_33' title='bbox 1593 675 1675 733; x_wconf 72' lang='lat'>¹¹¹?</span> 
     </span>
    </p>
   </div>
   <div class='ocr_carea' id='block_1_4' title="bbox 439 795 1700 1068">
    <p class='ocr_par' dir='ltr' id='par_1_4' title="bbox 439 795 1700 1068">
     <span class='ocr_line' id='line_1_6' title="bbox 617 795 1442 852; baseline -0.004 -11"><span class='ocrx_word' id='word_1_34' title='bbox 617 795 739 843; x_wconf 78' lang='lat' dir='ltr'>Quid</span> <span class='ocrx_word' id='word_1_35' title='bbox 759 811 831 839; x_wconf 89' lang='lat' dir='ltr'>me</span> <span class='ocrx_word' id='word_1_36' title='bbox 852 797 1012 840; x_wconf 86' lang='lat' dir='ltr'>caelum</span> <span class='ocrx_word' id='word_1_37' title='bbox 1033 810 1206 852; x_wconf 90' lang='lat' dir='ltr'>sperare</span> <span class='ocrx_word' id='word_1_38' title='bbox 1221 795 1442 852; x_wconf 87' lang='lat' dir='ltr'>jubebas?</span> 
     </span>
     <span class='ocr_line' id='line_1_7' title="bbox 439 867 1548 924; baseline 0 -13"><span class='ocrx_word' id='word_1_39' title='bbox 439 867 510 911; x_wconf 89' lang='lat' dir='ltr'>En</span> <span class='ocrx_word' id='word_1_40' title='bbox 531 868 661 911; x_wconf 90' lang='lat' dir='ltr'>etiam</span> <span class='ocrx_word' id='word_1_41' title='bbox 681 868 801 911; x_wconf 91' lang='lat' dir='ltr'>hunc</span> <span class='ocrx_word' id='word_1_42' title='bbox 822 868 971 924; x_wconf 91' lang='lat' dir='ltr'>ipsum</span> <span class='ocrx_word' id='word_1_43' title='bbox 991 867 1092 911; x_wconf 80' lang='lat' dir='ltr'>vitae</span> <span class='ocrx_word' id='word_1_44' title='bbox 1113 868 1311 911; x_wconf 87' lang='lat' dir='ltr'>mortalis</span> <span class='ocrx_word' id='word_1_45' title='bbox 1332 868 1548 912; x_wconf 86' lang='lat' dir='ltr'>honorem</span> 
     </span>
     <span class='ocr_line' id='line_1_8' title="bbox 440 938 1700 996; baseline -0.002 -11"><span class='ocrx_word' id='word_1_46' title='bbox 440 938 585 986; x_wconf 77' lang='lat' dir='ltr'>Quem</span> <span class='ocrx_word' id='word_1_47' title='bbox 606 938 716 982; x_wconf 92' lang='lat' dir='ltr'>mihi</span> <span class='ocrx_word' id='word_1_48' title='bbox 735 939 810 983; x_wconf 87' lang='lat' dir='ltr'>vix</span> <span class='ocrx_word' id='word_1_49' title='bbox 830 939 1012 996; x_wconf 85' lang='lat' dir='ltr'>frugum</span> <span class='ocrx_word' id='word_1_50' title='bbox 1032 945 1075 982; x_wconf 91' lang='lat' dir='ltr'>et</span> <span class='ocrx_word' id='word_1_51' title='bbox 1096 938 1320 996; x_wconf 85' lang='lat' dir='ltr'><strong>pecudum</strong></span> <span class='ocrx_word' id='word_1_52' title='bbox 1341 939 1543 983; x_wconf 89' lang='lat' dir='ltr'>custodia</span> <span class='ocrx_word' id='word_1_53' title='bbox 1563 941 1700 984; x_wconf 89' lang='lat' dir='ltr'>solers</span> 
     </span>
     <span class='ocr_line' id='line_1_9' title="bbox 441 1009 1552 1068; baseline 0 -14"><span class='ocrx_word' id='word_1_54' title='bbox 441 1010 606 1054; x_wconf 86' lang='lat' dir='ltr'>Omnia</span> <span class='ocrx_word' id='word_1_55' title='bbox 624 1010 812 1054; x_wconf 85' lang='lat' dir='ltr'><strong>tentanti</strong></span> <span class='ocrx_word' id='word_1_56' title='bbox 832 1009 1075 1062; x_wconf 88' lang='lat' dir='ltr'>extuderat,</span> <span class='ocrx_word' id='word_1_57' title='bbox 1097 1016 1140 1053; x_wconf 88' lang='lat' dir='ltr'>te</span> <span class='ocrx_word' id='word_1_58' title='bbox 1160 1016 1314 1061; x_wconf 90' lang='lat' dir='ltr'>matre,</span> <span class='ocrx_word' id='word_1_59' title='bbox 1336 1010 1552 1068; x_wconf 90' lang='lat' dir='ltr'>relinquo.</span> 
     </span>
    </p>
   </div>
   <div class='ocr_carea' id='block_1_5' title="bbox 201 1123 1958 1829">
    <p class='ocr_par' dir='ltr' id='par_1_5' title="bbox 202 1123 1955 1395">
     <span class='ocr_line' id='line_1_10' title="bbox 203 1123 1954 1202; baseline -0.002 -18"><span class='ocrx_word' id='word_1_60' title='bbox 203 1128 390 1185; x_wconf 82' lang='lat' dir='ltr'>Satin’</span> <span class='ocrx_word' id='word_1_61' title='bbox 412 1127 725 1184; x_wconf 88' lang='lat' dir='ltr'>manifesto</span> <span class='ocrx_word' id='word_1_62' title='bbox 748 1126 1038 1202; x_wconf 86' lang='lat' dir='ltr'>significat</span> <span class='ocrx_word' id='word_1_63' title='bbox 1058 1124 1262 1192; x_wconf 89' lang='lat' dir='ltr'>Poeta,</span> <span class='ocrx_word' id='word_1_64' title='bbox 1283 1143 1447 1181; x_wconf 89' lang='lat' dir='ltr'>suam</span> <span class='ocrx_word' id='word_1_65' title='bbox 1471 1143 1653 1200; x_wconf 83' lang='lat' dir='ltr'>prope</span> <span class='ocrx_word' id='word_1_66' title='bbox 1676 1142 1800 1180; x_wconf 86' lang='lat' dir='ltr'>rem</span> <span class='ocrx_word' id='word_1_67' title='bbox 1824 1123 1954 1200; x_wconf 68' lang='lat' dir='ltr'>agi?</span> 
     </span>
     <span class='ocr_line' id='line_1_11' title="bbox 202 1219 1955 1296; baseline -0.002 -16"><span class='ocrx_word' id='word_1_68' title='bbox 202 1224 607 1281; x_wconf 88' lang='lat' dir='ltr'>cohorrescere</span> <span class='ocrx_word' id='word_1_69' title='bbox 651 1242 712 1279; x_wconf 90' lang='lat' dir='ltr'>se</span> <span class='ocrx_word' id='word_1_70' title='bbox 751 1228 879 1278; x_wconf 91' lang='lat' dir='ltr'>tota</span> <span class='ocrx_word' id='word_1_71' title='bbox 921 1227 1124 1278; x_wconf 90' lang='lat' dir='ltr'>mente</span> <span class='ocrx_word' id='word_1_72' title='bbox 1160 1227 1222 1277; x_wconf 91' lang='lat' dir='ltr'>et</span> <span class='ocrx_word' id='word_1_73' title='bbox 1258 1220 1471 1288; x_wconf 90' lang='lat' dir='ltr'>anim0‚</span> <span class='ocrx_word' id='word_1_74' title='bbox 1503 1221 1735 1295; x_wconf 92' lang='lat' dir='ltr'>quoties</span> <span class='ocrx_word' id='word_1_75' title='bbox 1778 1219 1955 1296; x_wconf 88' lang='lat' dir='ltr'>agelli</span> 
     </span>
     <span class='ocr_line' id='line_1_12' title="bbox 202 1317 993 1395; baseline -0.005 -18"><span class='ocrx_word' id='word_1_76' title='bbox 202 1319 586 1395; x_wconf 87' lang='lat' dir='ltr'>periclitantis</span> <span class='ocrx_word' id='word_1_77' title='bbox 614 1317 993 1374; x_wconf 72' lang='lat' dir='ltr'>meminerit?</span> 
     </span>
    </p>

    <p class='ocr_par' dir='ltr' id='par_1_6' title="bbox 201 1411 1958 1664">
     <span class='ocr_line' id='line_1_13' title="bbox 288 1411 1955 1487; baseline -0.002 -16"><span class='ocrx_word' id='word_1_78' title='bbox 288 1414 479 1471; x_wconf 86' lang='lat' dir='ltr'>Simili</span> <span class='ocrx_word' id='word_1_79' title='bbox 519 1415 703 1471; x_wconf 91' lang='lat' dir='ltr'>ferme</span> <span class='ocrx_word' id='word_1_80' title='bbox 746 1413 963 1470; x_wconf 87' lang='lat' dir='ltr'>affectu</span> <span class='ocrx_word' id='word_1_81' title='bbox 993 1420 1146 1478; x_wconf 89' lang='lat' dir='ltr'>sunt,</span> <span class='ocrx_word' id='word_1_82' title='bbox 1178 1413 1390 1487; x_wconf 91' lang='lat' dir='ltr'>quibus</span> <span class='ocrx_word' id='word_1_83' title='bbox 1433 1413 1630 1487; x_wconf 80' lang='lat' dir='ltr'>posuit</span> <span class='ocrx_word' id='word_1_84' title='bbox 1661 1411 1955 1487; x_wconf 83' lang='lat' dir='ltr'><strong>quendam</strong></span> 
     </span>
     <span class='ocr_line' id='line_1_14' title="bbox 201 1507 1958 1578; baseline -0.001 -12"><span class='ocrx_word' id='word_1_85' title='bbox 201 1511 323 1567; x_wconf 76' lang='lat' dir='ltr'>suis</span> <span class='ocrx_word' id='word_1_86' title='bbox 365 1511 425 1566; x_wconf 90' lang='lat' dir='ltr'>in</span> <span class='ocrx_word' id='word_1_87' title='bbox 469 1510 668 1578; x_wconf 86' lang='lat' dir='ltr'>hortis,</span> <span class='ocrx_word' id='word_1_88' title='bbox 699 1528 805 1566; x_wconf 78' lang='lat' dir='ltr'>sua</span> <span class='ocrx_word' id='word_1_89' title='bbox 842 1529 1038 1576; x_wconf 88' lang='lat' dir='ltr'>manu,</span> <span class='ocrx_word' id='word_1_90' title='bbox 1070 1509 1225 1565; x_wconf 87' lang='lat' dir='ltr'>circa</span> <span class='ocrx_word' id='word_1_91' title='bbox 1254 1508 1506 1565; x_wconf 88' lang='lat' dir='ltr'>alvearia</span> <span class='ocrx_word' id='word_1_92' title='bbox 1546 1526 1652 1565; x_wconf 77' lang='lat' dir='ltr'>sua</span> <span class='ocrx_word' id='word_1_93' title='bbox 1691 1507 1958 1565; x_wconf 88' lang='lat' dir='ltr'>laboran-</span> 
     </span>
     <span class='ocr_line' id='line_1_15' title="bbox 205 1615 394 1664; baseline -0.011 0"><span class='ocrx_word' id='word_1_94' title='bbox 205 1615 328 1664; x_wconf 90' lang='lat' dir='ltr'>tem</span> <span class='ocrx_word' id='word_1_95' title='bbox 348 1615 394 1662; x_wconf 83' lang='lat'>¹¹.</span> 
     </span>
    </p>

    <p class='ocr_par' dir='ltr' id='par_1_7' title="bbox 435 1703 1615 1829">
     <span class='ocr_line' id='line_1_16' title="bbox 439 1703 1615 1764; baseline -0.002 -15"><span class='ocrx_word' id='word_1_96' title='bbox 439 1706 540 1763; x_wconf 92' lang='lat' dir='ltr'>Ipse</span> <span class='ocrx_word' id='word_1_97' title='bbox 561 1706 766 1764; x_wconf 87' lang='lat' dir='ltr'>thymum</span> <span class='ocrx_word' id='word_1_98' title='bbox 787 1706 1004 1763; x_wconf 86' lang='lat' dir='ltr'>pinosque</span> <span class='ocrx_word' id='word_1_99' title='bbox 1024 1704 1169 1748; x_wconf 83' lang='lat' dir='ltr'>ferens</span> <span class='ocrx_word' id='word_1_100' title='bbox 1191 1704 1246 1748; x_wconf 89' lang='lat' dir='ltr'>de</span> <span class='ocrx_word' id='word_1_101' title='bbox 1264 1703 1495 1748; x_wconf 89' lang='lat' dir='ltr'>montibus</span> <span class='ocrx_word' id='word_1_102' title='bbox 1517 1703 1615 1747; x_wconf 85' lang='lat' dir='ltr'>altis</span> 
     </span>
     <span class='ocr_line' id='line_1_17' title="bbox 435 1776 1392 1829; baseline -0.001 -9"><span class='ocrx_word' id='word_1_103' title='bbox 435 1778 569 1821; x_wconf 89' lang='lat' dir='ltr'>Tecte</span> <span class='ocrx_word' id='word_1_104' title='bbox 590 1785 704 1822; x_wconf 88' lang='lat' dir='ltr'>serat</span> <span class='ocrx_word' id='word_1_105' title='bbox 723 1779 809 1821; x_wconf 92' lang='lat' dir='ltr'>late</span> <span class='ocrx_word' id='word_1_106' title='bbox 827 1777 1009 1829; x_wconf 90' lang='lat' dir='ltr'>circum,</span> <span class='ocrx_word' id='word_1_107' title='bbox 1033 1776 1103 1820; x_wconf 89' lang='lat' dir='ltr'>cui</span> <span class='ocrx_word' id='word_1_108' title='bbox 1124 1776 1228 1820; x_wconf 87' lang='lat' dir='ltr'>talia</span> <span class='ocrx_word' id='word_1_109' title='bbox 1248 1791 1366 1820; x_wconf 88' lang='lat' dir='ltr'>curae</span> <span class='ocrx_word' id='word_1_110' title='bbox 1383 1793 1392 1819; x_wconf 90' lang='lat'>:</span> 
     </span>
    </p>
   </div>
   <div class='ocr_carea' id='block_1_6' title="bbox 438 1848 1555 1978">
    <p class='ocr_par' dir='ltr' id='par_1_8' title="bbox 438 1848 1555 1978">
     <span class='ocr_line' id='line_1_18' title="bbox 438 1848 1519 1906; baseline -0.002 -13"><span class='ocrx_word' id='word_1_111' title='bbox 438 1849 540 1906; x_wconf 91' lang='lat' dir='ltr'>Ipse</span> <span class='ocrx_word' id='word_1_112' title='bbox 560 1849 709 1893; x_wconf 90' lang='lat' dir='ltr'>labore</span> <span class='ocrx_word' id='word_1_113' title='bbox 729 1864 913 1893; x_wconf 86' lang='lat' dir='ltr'>manum</span> <span class='ocrx_word' id='word_1_114' title='bbox 935 1849 1048 1892; x_wconf 91' lang='lat' dir='ltr'>duro</span> <span class='ocrx_word' id='word_1_115' title='bbox 1070 1855 1206 1892; x_wconf 87' lang='lat' dir='ltr'>terat:</span> <span class='ocrx_word' id='word_1_116' title='bbox 1239 1849 1333 1905; x_wconf 91' lang='lat' dir='ltr'>ipse</span> <span class='ocrx_word' id='word_1_117' title='bbox 1354 1848 1519 1892; x_wconf 88' lang='lat' dir='ltr'>feraces</span> 
     </span>
     <span class='ocr_line' id='line_1_19' title="bbox 439 1919 1555 1978; baseline -0.001 -14"><span class='ocrx_word' id='word_1_118' title='bbox 439 1921 564 1978; x_wconf 87' lang='lat' dir='ltr'>Figat</span> <span class='ocrx_word' id='word_1_119' title='bbox 583 1921 723 1965; x_wconf 89' lang='lat' dir='ltr'>humo</span> <span class='ocrx_word' id='word_1_120' title='bbox 744 1922 932 1978; x_wconf 88' lang='lat' dir='ltr'>plantas,</span> <span class='ocrx_word' id='word_1_121' title='bbox 955 1927 997 1964; x_wconf 90' lang='lat' dir='ltr'>et</span> <span class='ocrx_word' id='word_1_122' title='bbox 1017 1921 1184 1964; x_wconf 86' lang='lat' dir='ltr'>amicos</span> <span class='ocrx_word' id='word_1_123' title='bbox 1204 1920 1356 1978; x_wconf 89' lang='lat' dir='ltr'>irriget</span> <span class='ocrx_word' id='word_1_124' title='bbox 1375 1919 1555 1964; x_wconf 87' lang='lat' dir='ltr'>imbres.</span> 
     </span>
    </p>
   </div>
   <div class='ocr_carea' id='block_1_7' title="bbox 199 2042 1957 3460">
    <p class='ocr_par' dir='ltr' id='par_1_9' title="bbox 200 2042 1957 2676">
     <span class='ocr_line' id='line_1_20' title="bbox 286 2042 1957 2118; baseline 0 -19"><span class='ocrx_word' id='word_1_125' title='bbox 286 2043 485 2100; x_wconf 85' lang='lat' dir='ltr'>Semel</span> <span class='ocrx_word' id='word_1_126' title='bbox 517 2043 792 2100; x_wconf 89' lang='lat' dir='ltr'>videlicet</span> <span class='ocrx_word' id='word_1_127' title='bbox 821 2043 1153 2118; x_wconf 91' lang='lat' dir='ltr'>iterumque</span> <span class='ocrx_word' id='word_1_128' title='bbox 1185 2042 1495 2117; x_wconf 86' lang='lat' dir='ltr'>eloquitur,</span> <span class='ocrx_word' id='word_1_129' title='bbox 1527 2042 1586 2098; x_wconf 91' lang='lat' dir='ltr'>id</span> <span class='ocrx_word' id='word_1_130' title='bbox 1619 2043 1774 2117; x_wconf 91' lang='lat' dir='ltr'>quod</span> <span class='ocrx_word' id='word_1_131' title='bbox 1806 2061 1957 2099; x_wconf 89' lang='lat' dir='ltr'>sem-</span> 
     </span>
     <span class='ocr_line' id='line_1_21' title="bbox 203 2138 1955 2215; baseline 0.001 -20"><span class='ocrx_word' id='word_1_132' title='bbox 203 2159 307 2215; x_wconf 92' lang='lat' dir='ltr'>per</span> <span class='ocrx_word' id='word_1_133' title='bbox 334 2140 394 2195; x_wconf 90' lang='lat' dir='ltr'>in</span> <span class='ocrx_word' id='word_1_134' title='bbox 425 2141 620 2196; x_wconf 90' lang='lat' dir='ltr'>animo</span> <span class='ocrx_word' id='word_1_135' title='bbox 650 2139 906 2196; x_wconf 91' lang='lat' dir='ltr'>habebat</span> <span class='ocrx_word' id='word_1_136' title='bbox 931 2158 945 2207; x_wconf 91' lang='lat'>;</span> <span class='ocrx_word' id='word_1_137' title='bbox 990 2158 1167 2214; x_wconf 89' lang='lat' dir='ltr'>quam</span> <span class='ocrx_word' id='word_1_138' title='bbox 1202 2157 1373 2214; x_wconf 87' lang='lat' dir='ltr'>paene</span> <span class='ocrx_word' id='word_1_139' title='bbox 1404 2139 1610 2195; x_wconf 88' lang='lat' dir='ltr'>fecerit</span> <span class='ocrx_word' id='word_1_140' title='bbox 1639 2138 1955 2214; x_wconf 90' lang='lat' dir='ltr'>aliquando</span> 
     </span>
     <span class='ocr_line' id='line_1_22' title="bbox 201 2234 1957 2310; baseline 0.001 -18"><span class='ocrx_word' id='word_1_141' title='bbox 201 2243 548 2310; x_wconf 89' lang='lat' dir='ltr'>perpetuam</span> <span class='ocrx_word' id='word_1_142' title='bbox 578 2235 745 2291; x_wconf 93' lang='lat' dir='ltr'>istius</span> <span class='ocrx_word' id='word_1_143' title='bbox 775 2234 1103 2291; x_wconf 83' lang='lat' dir='ltr'>dulcedinis</span> <span class='ocrx_word' id='word_1_144' title='bbox 1136 2235 1450 2310; x_wconf 89' lang='lat' dir='ltr'>jacturam.</span> <span class='ocrx_word' id='word_1_145' title='bbox 1539 2234 1757 2309; x_wconf 87' lang='lat' dir='ltr'>Ecquis</span> <span class='ocrx_word' id='word_1_146' title='bbox 1786 2236 1957 2293; x_wconf 90' lang='lat' dir='ltr'>dubi-</span> 
     </span>
     <span class='ocr_line' id='line_1_23' title="bbox 201 2330 1955 2406; baseline 0.001 -19"><span class='ocrx_word' id='word_1_147' title='bbox 201 2338 308 2397; x_wconf 89' lang='lat' dir='ltr'>tet,</span> <span class='ocrx_word' id='word_1_148' title='bbox 349 2332 490 2406; x_wconf 91' lang='lat' dir='ltr'>quin</span> <span class='ocrx_word' id='word_1_149' title='bbox 534 2331 694 2387; x_wconf 91' lang='lat' dir='ltr'>omni</span> <span class='ocrx_word' id='word_1_150' title='bbox 738 2332 800 2386; x_wconf 91' lang='lat' dir='ltr'>in</span> <span class='ocrx_word' id='word_1_151' title='bbox 843 2331 1102 2388; x_wconf 86' lang='lat' dir='ltr'>carmine</span> <span class='ocrx_word' id='word_1_152' title='bbox 1146 2330 1330 2387; x_wconf 90' lang='lat' dir='ltr'>lateat</span> <span class='ocrx_word' id='word_1_153' title='bbox 1374 2331 1637 2406; x_wconf 89' lang='lat' dir='ltr'>ejusdem</span> <span class='ocrx_word' id='word_1_154' title='bbox 1683 2332 1955 2389; x_wconf 88' lang='lat' dir='ltr'>desiderii</span> 
     </span>
     <span class='ocr_line' id='line_1_24' title="bbox 201 2427 1955 2503; baseline 0.001 -19"><span class='ocrx_word' id='word_1_155' title='bbox 201 2446 402 2484; x_wconf 90' lang='lat' dir='ltr'>sensus</span> <span class='ocrx_word' id='word_1_156' title='bbox 445 2433 507 2483; x_wconf 93' lang='lat' dir='ltr'>et</span> <span class='ocrx_word' id='word_1_157' title='bbox 551 2446 711 2483; x_wconf 88' lang='lat' dir='ltr'>coeca</span> <span class='ocrx_word' id='word_1_158' title='bbox 740 2428 1013 2501; x_wconf 82' lang='lat' dir='ltr'>quaedam</span> <span class='ocrx_word' id='word_1_159' title='bbox 1044 2427 1369 2484; x_wconf 71' lang='lat' dir='ltr'>divinatio?</span> <span class='ocrx_word' id='word_1_160' title='bbox 1415 2428 1582 2502; x_wconf 87' lang='lat' dir='ltr'>cujus</span> <span class='ocrx_word' id='word_1_161' title='bbox 1612 2429 1777 2503; x_wconf 91' lang='lat' dir='ltr'>quasi</span> <span class='ocrx_word' id='word_1_162' title='bbox 1818 2448 1955 2485; x_wconf 87' lang='lat' dir='ltr'>acu-</span> 
     </span>
     <span class='ocr_line' id='line_1_25' title="bbox 202 2522 1954 2600; baseline 0.001 -21"><span class='ocrx_word' id='word_1_163' title='bbox 202 2523 307 2579; x_wconf 89' lang='lat' dir='ltr'>leis</span> <span class='ocrx_word' id='word_1_164' title='bbox 338 2522 675 2579; x_wconf 89' lang='lat' dir='ltr'>stimuletur</span> <span class='ocrx_word' id='word_1_165' title='bbox 709 2522 1035 2578; x_wconf 90' lang='lat' dir='ltr'>identidem</span> <span class='ocrx_word' id='word_1_166' title='bbox 1078 2523 1226 2579; x_wconf 88' lang='lat' dir='ltr'>ruris</span> <span class='ocrx_word' id='word_1_167' title='bbox 1275 2541 1589 2598; x_wconf 87' lang='lat' dir='ltr'>rerumque</span> <span class='ocrx_word' id='word_1_168' title='bbox 1632 2525 1954 2600; x_wconf 85' lang='lat' dir='ltr'>agrestium</span> 
     </span>
     <span class='ocr_line' id='line_1_26' title="bbox 200 2638 381 2676; baseline 0 0"><span class='ocrx_word' id='word_1_169' title='bbox 200 2638 381 2676; x_wconf 86' lang='lat' dir='ltr'>amor.</span> 
     </span>
    </p>

    <p class='ocr_par' dir='ltr' id='par_1_10' title="bbox 199 2712 1954 3460">
     <span class='ocr_line' id='line_1_27' title="bbox 297 2712 1954 2789; baseline 0.001 -18"><span class='ocrx_word' id='word_1_170' title='bbox 297 2714 568 2779; x_wconf 86' lang='lat' dir='ltr'>Habetis,</span> <span class='ocrx_word' id='word_1_171' title='bbox 616 2712 978 2781; x_wconf 87' lang='lat' dir='ltr'>Academici,</span> <span class='ocrx_word' id='word_1_172' title='bbox 1028 2733 1144 2789; x_wconf 92' lang='lat' dir='ltr'>quo</span> <span class='ocrx_word' id='word_1_173' title='bbox 1199 2715 1459 2771; x_wconf 85' lang='lat' dir='ltr'>maxime</span> <span class='ocrx_word' id='word_1_174' title='bbox 1521 2715 1756 2772; x_wconf 90' lang='lat' dir='ltr'>vinculo</span> <span class='ocrx_word' id='word_1_175' title='bbox 1817 2735 1954 2773; x_wconf 89' lang='lat' dir='ltr'>con-</span> 
     </span>
     <span class='ocr_line' id='line_1_28' title="bbox 201 2810 1952 2885; baseline 0.002 -19"><span class='ocrx_word' id='word_1_176' title='bbox 201 2811 376 2867; x_wconf 89' lang='lat' dir='ltr'>tineri</span> <span class='ocrx_word' id='word_1_177' title='bbox 426 2811 582 2867; x_wconf 86' lang='lat' dir='ltr'>inter</span> <span class='ocrx_word' id='word_1_178' title='bbox 631 2829 693 2867; x_wconf 89' lang='lat' dir='ltr'>se</span> <span class='ocrx_word' id='word_1_179' title='bbox 743 2817 951 2885; x_wconf 91' lang='lat' dir='ltr'>putem</span> <span class='ocrx_word' id='word_1_180' title='bbox 1003 2810 1229 2868; x_wconf 87' lang='lat' dir='ltr'>diversa</span> <span class='ocrx_word' id='word_1_181' title='bbox 1278 2811 1426 2868; x_wconf 87' lang='lat' dir='ltr'>adeo</span> <span class='ocrx_word' id='word_1_182' title='bbox 1479 2811 1694 2867; x_wconf 90' lang='lat' dir='ltr'>summi</span> <span class='ocrx_word' id='word_1_183' title='bbox 1745 2810 1952 2870; x_wconf 87' lang='lat' dir='ltr'>Poetae</span> 
     </span>
     <span class='ocr_line' id='line_1_29' title="bbox 201 2905 1953 2980; baseline 0.001 -20"><span class='ocrx_word' id='word_1_184' title='bbox 201 2924 393 2980; x_wconf 89' lang='lat' dir='ltr'>opera.</span> <span class='ocrx_word' id='word_1_185' title='bbox 468 2906 642 2974; x_wconf 83' lang='lat' dir='ltr'>Quod</span> <span class='ocrx_word' id='word_1_186' title='bbox 687 2912 966 2980; x_wconf 88' lang='lat' dir='ltr'>superest,</span> <span class='ocrx_word' id='word_1_187' title='bbox 1001 2906 1320 2962; x_wconf 90' lang='lat' dir='ltr'>videndum</span> <span class='ocrx_word' id='word_1_188' title='bbox 1355 2925 1432 2962; x_wconf 89' lang='lat' dir='ltr'>an</span> <span class='ocrx_word' id='word_1_189' title='bbox 1468 2905 1685 2962; x_wconf 86' lang='lat' dir='ltr'>eximie</span> <span class='ocrx_word' id='word_1_190' title='bbox 1714 2906 1953 2963; x_wconf 88' lang='lat' dir='ltr'>faveant</span> 
     </span>
     <span class='ocr_line' id='line_1_30' title="bbox 201 2999 1954 3076; baseline 0.002 -21"><span class='ocrx_word' id='word_1_191' title='bbox 201 2999 330 3056; x_wconf 87' lang='lat' dir='ltr'>haec</span> <span class='ocrx_word' id='word_1_192' title='bbox 375 3001 571 3057; x_wconf 89' lang='lat' dir='ltr'>omnia</span> <span class='ocrx_word' id='word_1_193' title='bbox 613 3001 827 3058; x_wconf 89' lang='lat' dir='ltr'>nostris</span> <span class='ocrx_word' id='word_1_194' title='bbox 870 3001 1126 3076; x_wconf 89' lang='lat' dir='ltr'>auguriis</span> <span class='ocrx_word' id='word_1_195' title='bbox 1170 3002 1244 3058; x_wconf 93' lang='lat' dir='ltr'>de</span> <span class='ocrx_word' id='word_1_196' title='bbox 1288 3002 1448 3057; x_wconf 89' lang='lat' dir='ltr'>omni</span> <span class='ocrx_word' id='word_1_197' title='bbox 1493 3002 1719 3058; x_wconf 88' lang='lat' dir='ltr'>ratione</span> <span class='ocrx_word' id='word_1_198' title='bbox 1749 3008 1811 3058; x_wconf 92' lang='lat' dir='ltr'>et</span> <span class='ocrx_word' id='word_1_199' title='bbox 1841 3003 1954 3058; x_wconf 88' lang='lat' dir='ltr'>ori-</span> 
     </span>
     <span class='ocr_line' id='line_1_31' title="bbox 199 3095 1951 3171; baseline 0.002 -21"><span class='ocrx_word' id='word_1_200' title='bbox 199 3096 336 3170; x_wconf 90' lang='lat' dir='ltr'>gine</span> <span class='ocrx_word' id='word_1_201' title='bbox 382 3096 465 3151; x_wconf 89' lang='lat' dir='ltr'>rei</span> <span class='ocrx_word' id='word_1_202' title='bbox 505 3096 767 3170; x_wconf 87' lang='lat' dir='ltr'>poeticae.</span> <span class='ocrx_word' id='word_1_203' title='bbox 856 3095 1257 3170; x_wconf 85' lang='lat' dir='ltr'>Conjiciebam</span> <span class='ocrx_word' id='word_1_204' title='bbox 1302 3097 1524 3171; x_wconf 91' lang='lat' dir='ltr'>utique,</span> <span class='ocrx_word' id='word_1_205' title='bbox 1568 3116 1687 3153; x_wconf 90' lang='lat' dir='ltr'>non</span> <span class='ocrx_word' id='word_1_206' title='bbox 1730 3096 1845 3154; x_wconf 89' lang='lat' dir='ltr'>alia</span> <span class='ocrx_word' id='word_1_207' title='bbox 1888 3116 1951 3154; x_wconf 90' lang='lat' dir='ltr'>re</span> 
     </span>
     <span class='ocr_line' id='line_1_32' title="bbox 203 3190 1951 3266; baseline 0.002 -21"><span class='ocrx_word' id='word_1_208' title='bbox 203 3190 388 3265; x_wconf 89' lang='lat' dir='ltr'>magis</span> <span class='ocrx_word' id='word_1_209' title='bbox 419 3191 646 3247; x_wconf 90' lang='lat' dir='ltr'>definiri</span> <span class='ocrx_word' id='word_1_210' title='bbox 689 3209 859 3265; x_wconf 88' lang='lat' dir='ltr'>posse</span> <span class='ocrx_word' id='word_1_211' title='bbox 889 3191 1008 3247; x_wconf 86' lang='lat' dir='ltr'>vim</span> <span class='ocrx_word' id='word_1_212' title='bbox 1041 3192 1180 3266; x_wconf 92' lang='lat' dir='ltr'>ejus,</span> <span class='ocrx_word' id='word_1_213' title='bbox 1212 3210 1389 3266; x_wconf 90' lang='lat' dir='ltr'>quam</span> <span class='ocrx_word' id='word_1_214' title='bbox 1428 3193 1474 3248; x_wconf 93' lang='lat' dir='ltr'>si</span> <span class='ocrx_word' id='word_1_215' title='bbox 1506 3192 1739 3259; x_wconf 87' lang='lat' dir='ltr'>dixeris,</span> <span class='ocrx_word' id='word_1_216' title='bbox 1770 3191 1951 3248; x_wconf 89' lang='lat' dir='ltr'>levari</span> 
     </span>
     <span class='ocr_line' id='line_1_33' title="bbox 202 3285 1947 3362; baseline 0.002 -21"><span class='ocrx_word' id='word_1_217' title='bbox 202 3303 306 3358; x_wconf 91' lang='lat' dir='ltr'>per</span> <span class='ocrx_word' id='word_1_218' title='bbox 344 3303 474 3341; x_wconf 89' lang='lat' dir='ltr'>eam</span> <span class='ocrx_word' id='word_1_219' title='bbox 512 3292 752 3360; x_wconf 88' lang='lat' dir='ltr'>pectora</span> <span class='ocrx_word' id='word_1_220' title='bbox 793 3285 969 3360; x_wconf 92' lang='lat' dir='ltr'>plena</span> <span class='ocrx_word' id='word_1_221' title='bbox 1010 3287 1314 3344; x_wconf 90' lang='lat' dir='ltr'>desiderio.</span> <span class='ocrx_word' id='word_1_222' title='bbox 1402 3286 1497 3344; x_wconf 91' lang='lat' dir='ltr'>Ex</span> <span class='ocrx_word' id='word_1_223' title='bbox 1526 3306 1643 3362; x_wconf 93' lang='lat' dir='ltr'>quo</span> <span class='ocrx_word' id='word_1_224' title='bbox 1679 3287 1947 3354; x_wconf 87' lang='lat' dir='ltr'>efficitur,</span> 
     </span>
     <span class='ocr_line' id='line_1_34' title="bbox 201 3372 1949 3460; baseline 0.003 -25"><span class='ocrx_word' id='word_1_225' title='bbox 201 3381 400 3453; x_wconf 89' lang='lat' dir='ltr'>paucis</span> <span class='ocrx_word' id='word_1_226' title='bbox 458 3380 580 3437; x_wconf 88' lang='lat' dir='ltr'>fore</span> <span class='ocrx_word' id='word_1_227' title='bbox 640 3372 929 3457; x_wconf 85' lang='lat' dir='ltr'>insignem</span> <span class='ocrx_word' id='word_1_228' title='bbox 988 3382 1049 3437; x_wconf 90' lang='lat' dir='ltr'>in</span> <span class='ocrx_word' id='word_1_229' title='bbox 1100 3396 1170 3439; x_wconf 90' lang='lat' dir='ltr'>eo</span> <span class='ocrx_word' id='word_1_230' title='bbox 1227 3401 1442 3458; x_wconf 86' lang='lat' dir='ltr'>genere</span> <span class='ocrx_word' id='word_1_231' title='bbox 1490 3383 1756 3460; x_wconf 87' lang='lat' dir='ltr'>gloriam,</span> <span class='ocrx_word' id='word_1_232' title='bbox 1806 3384 1949 3459; x_wconf 84' lang='lat' dir='ltr'>quin</span> 
     </span>
    </p>
   </div>
   <div class='ocr_carea' id='block_1_8' title="bbox 375 3567 1769 3625">
    <p class='ocr_par' dir='ltr' id='par_1_11' title="bbox 375 3567 1769 3625">
     <span class='ocr_line' id='line_1_35' title="bbox 375 3567 1769 3625; baseline 0.003 -17"><span class='ocrx_word' id='word_1_233' title='bbox 375 3572 403 3590; x_wconf 75' lang='lat'>¹¹¹</span> <span class='ocrx_word' id='word_1_234' title='bbox 430 3567 584 3622; x_wconf 78' lang='lat' dir='ltr'>Geory.</span> <span class='ocrx_word' id='word_1_235' title='bbox 610 3583 652 3622; x_wconf 90' lang='lat'>4.</span> <span class='ocrx_word' id='word_1_236' title='bbox 675 3579 777 3625; x_wconf 85' lang='lat'><strong>325.</strong></span> <span class='ocrx_word' id='word_1_237' title='bbox 1425 3577 1444 3593; x_wconf 81' lang='lat'>¹¹</span> <span class='ocrx_word' id='word_1_238' title='bbox 1467 3570 1578 3613; x_wconf 83' lang='lat' dir='ltr'><strong><em>Ibid.</em></strong></span> <span class='ocrx_word' id='word_1_239' title='bbox 1602 3585 1643 3623; x_wconf 90' lang='lat'>4.</span> <span class='ocrx_word' id='word_1_240' title='bbox 1673 3583 1769 3613; x_wconf 89' lang='lat'>112.</span> 
     </span>
    </p>
   </div>
  </div>
 </body>
</html>
