2288 4036
229 174 388 213 PRAEL.
413 172 543 211 xx1'1.
645 159 755 211 Eas
778 157 854 210 ad
874 150 1109 209 ultionem
1133 155 1290 208 solam
1313 168 1413 207 esse·
1436 160 1601 205 natas.
1878 148 1984 202 423

227 300 480 362 nificina.
568 302 774 361 Habet
804 303 1042 377 quidem
1081 300 1255 377 primi
1288 295 1561 356 carminis
1595 295 1832 352 initium
1863 295 1984 351 vim

228 401 518 476 quandam
566 418 731 457 suam
767 397 1162 476 provocandi:
1227 396 1492 453 Noctem
1539 391 1816 450 videlicet
1861 410 1986 448 ma-

227 503 382 554 trem
429 495 731 572 appellant
777 494 1155 561 Eumenides,
1193 511 1269 550 ne
1316 491 1447 548 Diis
1483 489 1835 566 junioribus
1884 507 1986 564 pa-

227 607 479 670 rumque
510 593 743 660 severis,
774 593 928 650 sinat
958 609 1055 649 eas
1085 591 1339 647 ludibrio
1368 589 1557 646 fieriP.

578 713 711 769 μᾶτερ
733 709 760 754 ἅ
779 702 823 768 μ’,
845 711 1017 762 ἕτικτες,
1040 703 1073 754 ὦ
1093 711 1228 767 μᾶτερ

579 782 672 838 νὺξ,
694 781 897 826 άλαοῖσιν
918 782 986 825 καὶ
1008 779 1238 838 δεδορκόσι
1419 843 1424 847 ι
1659 845 1663 848 ⁶
1684 845 1687 847 ,

578 855 743 907 ποίναν,
769 854 902 899 κλῦθ’.
950 856 976 897 ὁ
996 857 1160 899 Λατοῦς
1178 854 1263 912 γὰρ
1286 849 1363 898 ἶνις
1382 851 1424 909 μ’
1447 851 1598 910 ἄτιμον
1618 850 1779 908 τίθησι.

225 963 459 1022 Deinde
490 964 722 1032 docent,
752 966 839 1022 ita
873 965 1168 1039 pertinere
1209 983 1380 1021 suum
1424 981 1640 1020 munus
1676 962 1750 1019 ad
1786 958 1984 1019 omnia

224 1062 457 1130 saecula,
489 1081 809 1137 omnesque
854 1062 1137 1138 regiones,
1167 1067 1236 1117 ut
1269 1079 1340 1116 eo
1370 1066 1571 1116 tamen
1611 1078 1808 1116 carere
1850 1078 1983 1135 pos-

225 1160 300 1217 sit
330 1179 698 1235 quaecunque
729 1158 970 1215 tandem
1001 1158 1114 1215 erit
1144 1158 1351 1215 civitas
1385 1157 1665 1214 immunis
1694 1156 1982 1215 scelerum

223 1263 404 1330 atque
434 1256 763 1312 criminisq:

575 1365 704 1407 τοῦτο
724 1360 808 1421 γὰρ
828 1360 967 1419 λάχος
987 1354 1179 1406 διανταία

574 1434 686 1493 μοῖρ’
710 1435 958 1480 ἐπέκλωσεν
978 1434 1169 1492 ἐμπέδως
1189 1434 1318 1493 ἔχειν,
1341 1432 1508 1479 θνατῶν

575 1509 717 1551 τοῖσιν
737 1507 985 1566 αὐτουργίαι
1006 1506 1290 1565 ξυμπέσωσιν
1307 1508 1493 1564 μάταιοι,

576 1582 668 1625 τοῖς
687 1582 902 1638 ὁμαρτεῖν.

223 1684 406 1741 Porro
449 1678 681 1741 disertis
721 1686 913 1742 verbis
953 1691 1219 1742 extorres
1266 1703 1327 1741 se
1369 1684 1633 1740 fatentur
1675 1680 1750 1739 ab
1794 1675 1983 1757 epulis

222 1788 284 1837 et
334 1800 369 1837 a
420 1782 581 1838 curia
633 1779 993 1856 Superorum
1049 1780 1332 1848 Deorum,
1383 1792 1578 1854 neque
1630 1777 1752 1835 ullo
1804 1776 1981 1835 modo

221 1870 657 1934 communicare
687 1895 787 1934 eos
819 1889 1020 1934 secum
1050 1872 1146 1933 vel
1175 1877 1427 1934 honores
1454 1875 1548 1932 vel
1580 1875 1823 1933 consilia
1842 1883 1897 1942 ¹3

574 1991 872 2050 γιγνομέναισι
892 1991 1007 2049 λάχη
1029 1982 1121 2035 τάδ’
1143 1990 1214 2050 ἐφ’
1236 1989 1335 2048 ἅμιν
1356 1991 1550 2048 ἐκράνθη·

573 2063 794 2108 ἀθανάτων
815 2062 851 2107 δ’
873 2063 1052 2120 ἀπέχειν
1071 2063 1217 2122 χέρας·
1251 2063 1351 2107 οὐδὲ
1372 2064 1438 2109 τίς
1458 2064 1554 2108 ἐστι

576 2135 814 2194 ξυνδαίτωρ
834 2136 1095 2193 μετάκοινος·
1654 2200 1658 2204 ¹

572 2208 826 2253 παλλεύκων
846 2210 893 2253 δὲ
913 2209 1090 2254 πέπλων
1110 2209 1359 2267 ἀπόμοιρος,
1381 2208 1566 2268 ἄκληρος
1586 2208 1782 2267 ἐτύχθην.

306 2314 628 2388 Postquam
674 2320 877 2370 autem
918 2334 988 2371 eo
1023 2315 1150 2389 jam
1193 2321 1436 2372 ventum
1476 2323 1586 2381 est,
1615 2323 1684 2371 ut
1715 2314 1979 2371 Dearum

219 2429 454 2485 quoque
478 2428 653 2466 causa
682 2410 1080 2485 permittatur,
1106 2410 1244 2485 ipsis
1268 2411 1620 2478 volentibus,
1640 2410 1981 2468 mortalium

218 2501 475 2574 arbitrio,
507 2525 583 2563 ne
616 2513 746 2562 tum
780 2506 1020 2581 quidem
1051 2503 1416 2564 Eumenides
1445 2507 1595 2564 ullas
1631 2507 1740 2564 sibi
1784 2515 1980 2583 partes

219 2604 533 2671 vindicare,
571 2610 788 2679 praeter
838 2621 935 2660 eas
980 2623 1113 2678 quae
1166 2605 1239 2660 ad
1291 2603 1579 2661 ultionem
1623 2624 1978 2680 poenamque

218 2700 535 2776 pertinent.=
657 2698 859 2756 Priore
924 2699 1219 2757 cantilena
1278 2701 1651 2775 jactaverant
1719 2701 1978 2758 officium

220 2802 446 2853 aeterna
465 2796 719 2870 quadam
749 2795 881 2872 lege
913 2796 1194 2854 divinitus
1227 2798 1336 2855 sibi
1367 2798 1666 2866 delatum3
1710 2798 1807 2856 hic
1837 2818 1980 2874 que-

219 2899 446 2959 runtur,
491 2911 610 2949 non
662 2891 896 2949 facilem
954 2893 1079 2951 fore
1126 2894 1441 2969 jacturam,
1486 2895 1719 2953 sublato
1774 2914 1978 2953 earum

208 2988 345 3063 jure
376 2990 450 3046 de
480 2989 655 3046 rebus
685 2988 956 3046 humanis
975 2997 1011 3046 ⁸.

570 3105 644 3147 νῦν
660 3100 959 3161 καταστροφαὶ
980 3107 1084 3147 νεῶν
1103 3103 1307 3161 θεσμίων.
1326 3139 1335 3149 .
1356 3139 1366 3149 .
1385 3133 1397 3150 .>

570 3176 731 3221 πάντας
750 3176 829 3233 ἤδη
850 3176 939 3220 τόδ’
962 3177 1090 3234 ἔργον
1111 3178 1304 3236 εὐχερείᾳ
1325 3180 1590 3236 συναρμόσει
1609 3176 1826 3236 βρότους..
1845 3211 1854 3222 .
1876 3211 1885 3223 .
1904 3209 1915 3223 .

571 3248 669 3289 οὔτε
688 3246 773 3304 γὰρ
794 3248 1110 3304 βροτοσκόπων

568 3317 782 3374 μαινάδων
801 3312 923 3362 τῶνδ’
946 3319 1138 3378 ἐφέρψει
1158 3322 1282 3366 κότος
1302 3337 1366 3367 τις
1386 3321 1622 3379 ἐργμάτων·

493 3432 498 3435 .
569 3388 689 3434 πάντ’
713 3389 868 3447 ἐφήσω
887 3394 1036 3449 μόρον.

275 3517 294 3545 v
324 3513 452 3557 Eum.
474 3528 577 3572 322.
741 3524 765 3555 q
795 3517 907 3562 [bid.
930 3530 1033 3577 335,
1196 3526 1210 3546 τ
1239 3521 1351 3565 Ibid.
1374 3522 1476 3579 348.
1629 3528 1642 3546 ⁵
1672 3517 1785 3565 Ibid.
1809 3530 1910 3579 493,
