2288 4036
315 104 424 155 410
777 102 1002 155 Electrae
1015 118 1243 172 persona
1268 101 1327 153 in
1357 100 1662 171 Okoeplcmds
1809 121 1971 156 PRAEL.
2000 121 2113 156 xxx.

312 255 409 305 rat·
435 248 672 306 animo:
712 247 858 324 quin
890 256 953 303 et
983 246 1112 322 ipse
1143 244 1256 302 sibi
1287 251 1548 302 mortem
1576 245 1935 321 deprecatus
1966 252 2113 312 erat,

310 348 517 405 audita
547 345 757 405 matris
787 345 849 403 in
880 351 1192 401 mortuum
1227 344 1477 402 fratrem
1509 342 1940 403 contumelia⁰z

670 465 721 509 τὸ
742 466 830 510 πᾶν
849 462 1012 520 ἀτίμως
1034 461 1209 520 ἔλεξας,
1232 460 1363 520 οἴμοι·
1705 443 1712 448 -

670 540 838 598 πατρὸς
859 537 896 583 δ’
919 535 1136 603 ἀτίμωσιν
1155 536 1241 596 ἀρὰ
1262 537 1395 589 τίσει,

671 612 790 658 ἕκατι
810 613 890 671 μὲν
912 612 1143 670 δαιμόνων,

671 686 790 731 ἕκατι
811 685 848 730 δ’
871 685 985 744 ἁμᾶν
1003 689 1162 744 χερῶν·

669 760 828 805 ἔπειτ’
863 760 962 819 ἐγὼ
994 760 1272 819 νοσφίσας
1303 758 1544 817 ὀλοίμαν.

309 860 692 936 Quapropter
721 859 908 916 etiam
950 859 1013 915 in
1053 858 1174 915 fine
1204 857 1564 935 Tragoediae,
1595 856 1947 916 sedentibus
1980 858 2110 935 jam

306 959 368 1015 in
417 958 626 1016 limine
674 957 889 1025 Furiis,
940 977 1125 1035 seque
1167 958 1296 1034 jam
1345 957 1653 1034 dejectum
1698 957 1768 1014 iri
1821 957 1897 1014 de
1949 964 2113 1016 statu

306 1058 527 1115 mentis
581 1077 708 1115 suae
755 1057 1048 1126 consinS‚
1087 1057 1174 1115 ita
1219 1076 1282 1115 se
1326 1055 1476 1114 nihil
1524 1056 1843 1115 confirmat
1890 1064 2116 1134 praeter

305 1155 394 1214 fas
454 1163 517 1213 et
565 1156 707 1232 jura
759 1155 1087 1226 admisisse,
1137 1157 1415 1214 invectus
1474 1155 1670 1233 primo
1730 1155 1792 1212 in
1851 1165 2113 1213 matrem

305 1255 643 1331 asperrimis
697 1255 911 1324 verbiS,
959 1255 1178 1313 deinde
1224 1254 1321 1312 vel
1375 1261 1667 1313 excusato
1714 1253 1931 1312 Phoebi
1984 1274 2114 1313 ora-

305 1353 459 1423 culo,
492 1354 587 1411 vel
619 1374 821 1412 coram
859 1354 1121 1413 adducta
1166 1354 1372 1413 laniati
1408 1353 1891 1433 Agamemnonis
1923 1361 2111 1423 veste,

303 1459 374 1510 ut
424 1459 630 1510 tamen
683 1452 1029 1531 intelligant
1079 1473 1307 1523 omnes,
1355 1453 1646 1511 divinitus
1701 1472 1841 1511 eum
1895 1453 2111 1531 egisse,

303 1572 424 1609 non
455 1559 670 1628 sponte
702 1571 844 1621 sua3
889 1554 1002 1610 nec
1032 1552 1293 1610 invitum
1324 1553 1527 1622 mod0,
1563 1553 1669 1610 sed
1700 1552 1887 1611 etiam
1918 1553 2114 1611 maxi-

302 1650 416 1707 mis
447 1657 510 1706 et
541 1649 940 1707 acerbissimis
972 1651 1279 1709 doloribus
1311 1651 1679 1709 confectum.
1915 1709 1923 1721 ,

391 1747 507 1806 His
551 1748 828 1806 addenda
859 1750 1141 1825 quaedam
1173 1757 1362 1818 erant,
1395 1749 1443 1807 si
1488 1748 1672 1806 modo
1718 1768 1827 1826 per
1866 1755 2112 1826 tempus

301 1844 532 1915 liceret,
565 1847 751 1904 etiam
782 1848 858 1905 ad
890 1845 1152 1906 Electrae
1188 1867 1507 1925 personam
1539 1847 1938 1924 pertinentia:
1989 1866 2109 1904 non

301 1943 516 2002 ferocis
560 1943 722 2002 illius
768 1952 832 2003 et
876 1947 1156 2004 convitiis
1198 1955 1510 2023 promptae,
1550 1945 1743 2023 qualis
1787 1945 1949 2022 apud
2000 1944 2112 2003 So-

302 2041 582 2118 phoclem
625 2044 890 2122 fingitur,
936 2064 1135 2122 neque
1174 2046 1237 2102 in
1279 2044 1476 2115 solum
1525 2053 1760 2122 patrem
1813 2043 2109 2102 officiosae.

302 2139 537 2200 Audite
567 2162 710 2200 vero
742 2162 894 2212 eam,
928 2163 1109 2221 quam
1142 2142 1362 2202 leniter
1391 2151 1532 2223 agat
1563 2163 1703 2202 cum
1735 2149 1947 2211 matre,
1975 2149 2108 2199 tum

300 2259 440 2298 cum
488 2242 757 2300 maxime
801 2243 930 2320 ipsa
966 2251 1388 2302 commovetur
1430 2243 1723 2302 memoria
1753 2243 1955 2319 patriS‚
1988 2242 2110 2300 suis

301 2338 412 2397 sub
444 2339 634 2398 oculis
665 2337 870 2400 caesid.

663 2457 793 2517 ἕκοψ’
811 2455 996 2517 ’Ἄρειον
1017 2461 1198 2517 κομμόν·
1233 2455 1327 2504 εἶτα
1348 2458 1544 2505 Κισσίας

663 2534 864 2591 νόμοισιν
883 2533 1208 2592 πολεμιστρίας

662 2607 1036 2667 ἀπρικτόπληκτα,
1057 2608 1378 2665 πολυπλάνητα
1399 2606 1436 2652 δ’
1458 2606 1512 2664 ἦν
1532 2606 1641 2652 ἰδεῖν

665 2683 877 2739 κροτητὸν
896 2681 1009 2739 ἁμὸν
1029 2682 1100 2726 καὶ
1121 2682 1367 2727 πανάθλιον
1388 2682 1513 2740 κάρα.

298 2775 570 2835 Auribus
630 2779 1079 2855 quodammodo
1139 2798 1447 2837 recurrere
1507 2777 1750 2835 videtur
1809 2777 1884 2834 ad
1946 2777 2107 2853 ipsos

299 2875 619 2934 vulnerum
679 2897 873 2947 sonOS,
929 2879 1331 2954 dextramque
1392 2878 1624 2935 miserae
1685 2875 1954 2934 mulieris
2005 2875 2104 2933 hic

297 2974 422 3049 illic
462 2977 668 3053 rapide
702 2978 1021 3054 jactatam.
1112 2978 1276 3048 Quid
1308 2985 1442 3035 tum
1476 2976 1763 3035 Electra?
1809 2996 2010 3034 nonne
2041 2978 2105 3034 in

299 3075 454 3132 diras
507 3076 811 3153 erumpit?
882 3076 1083 3134 Immo
1136 3077 1274 3135 lene
1326 3076 1499 3146 illud,
1552 3096 1622 3134 ac
1673 3083 1979 3143 moestum,
2034 3096 2104 3133 ac

297 3172 500 3230 flebile
554 3175 734 3241 canit,
784 3175 1156 3233 miserationi
1209 3174 1423 3245 mult0,
1466 3194 1648 3252 quam
1701 3175 1820 3242 irae,
1864 3174 2107 3251 propin-

299 3273 490 3349 quius,

660 3352 728 3407 ἰ’ω,
750 3352 818 3407 ἰ’ω,
842 3352 941 3400 δαΐα
961 3357 1187 3414 πάντολμε
1209 3358 1361 3415 μᾶτερ,

660 3424 800 3474 δαΐαις
822 3429 867 3473 ἐν
890 3429 1115 3489 ἐκφοραῖς,

479 3556 498 3576 (·
529 3548 716 3607 ΟΙιοέΡῘι.
743 3562 846 3607 432.
1556 3549 1578 3579 ‘¹
1612 3549 1727 3593 Ibid.
1754 3563 1858 3604 421.
