2288 4036
170 167 326 218 mm.
347 180 477 216 xxn.
581 158 818 215 adhiberi
842 179 952 214 eum
965 161 1286 231 poenitentiae
1309 161 1563 231 specimen.
1819 163 1926 215 427

519 317 738 362 ποταίνιον
755 318 841 376 γὰρ
863 316 911 362 ὃν
930 318 1039 376 πρὸς
1060 317 1183 374 ἑστίᾳ
1207 315 1320 367 θεοῦ,

521 390 683 443 Φοίβου
704 389 936 447 καθαρμοῖς
955 387 1092 445 ἠλάθη
1113 389 1419 446 χοιροκτόνοις.

520 461 658 507 πολὺς
678 460 728 505 δέ
745 479 819 517 μοι
838 460 992 519 γένοιτ’
1014 460 1065 505 ἂν
1087 460 1135 518 ἐξ
1158 460 1294 519 ἀρχῆς
1312 462 1462 518 λόγος,

522 531 646 579 ὅσοις
664 532 919 591 προσ-ἦλθον
939 532 1128 586 ἀβλαβεῖ
1148 532 1371 590 ξυνουσίᾳ.

171 644 436 712 Quorum
474 643 681 701 eadem
712 644 898 700 ferme
929 650 1019 701 est
1048 644 1217 710 rati0‚
1248 649 1428 718 atque
1458 661 1682 710 eorum,
1713 641 1927 717 quibus

170 760 231 797 se
261 739 452 797 solent
482 741 705 817 erigere
735 740 1030 816 simplices
1060 741 1258 816 piique
1288 739 1573 807 homines»,
1595 739 1927 815 quaestione

168 838 386 903 habita,
442 857 517 894 an
567 836 732 894 nullo
786 857 1047 912 unquam
1106 845 1375 913 tempore
1427 835 1781 894 delictorum
1829 855 1928 893 ve-

170 935 327 991 niam
381 936 657 1010 consequi
714 922 969 1010 possint}
1053 933 1292 1009 Nempe
1344 953 1415 990 eo
1464 933 1813 1010 plerumque
1865 953 1927 991 se

168 1032 476 1107 recipiunt,
521 1039 590 1088 ut
634 1051 751 1088 non
792 1031 965 1089 facile
1006 1050 1068 1088 se
1111 1031 1355 1087 credant
1399 1030 1572 1105 abjici
1620 1049 1855 1106 prorsus
1893 1050 1928 1088 a

166 1127 428 1203 benigno
471 1127 758 1195 Numine,
793 1146 980 1202 usque
1025 1127 1167 1183 dum
1215 1126 1289 1182 ad
1336 1144 1463 1183 aras
1506 1133 1790 1202 poterunt
1833 1145 1928 1183 ac-

168 1225 393 1291 cedere,
415 1231 553 1280 vota
577 1223 819 1290 solvere,
844 1223 1116 1299 precibus
1147 1222 1335 1280 litare.
1405 1222 1927 1291 Quemadmodum

167 1321 411 1377 foemina
452 1319 555 1377 illa
599 1321 660 1375 in
707 1320 886 1377 Libro
921 1319 1207 1377 Judicum
1253 1320 1519 1397 conjugis
1563 1321 1652 1377 sui
1695 1326 1929 1376 metum

167 1416 420 1475 solatur:
483 1415 595 1472 aEl
636 1416 900 1488 βούλεται
935 1415 1139 1495 Κύριος
1180 1419 1493 1474 θανατῶσαι
1538 1418 1690 1484 ἡμᾶς,
1732 1416 1823 1473 οὔκ
1862 1413 1929 1473 ἂν

167 1511 393 1588 ἐδέξατο
423 1513 478 1568 ἐκ
507 1517 615 1570 τῶν
655 1516 848 1591 χειρῶν
889 1515 1031 1580 ἡμῶν
1066 1513 1427 1581 ὁλοκαύτωμα
1466 1513 1552 1571 καὶ
1598 1513 1804 1583 Θυσίαν,
1840 1513 1927 1570 καὶ

168 1611 259 1667 οὔκ
287 1609 353 1667 ἂν
382 1611 655 1690 ἐφώτισεν
692 1613 827 1676 ἡμᾶς
857 1607 1042 1667 πάντα
1071 1615 1270 1668 ταῦτα.

252 1705 422 1763 Idem
455 1705 715 1773 OresteS,
746 1706 1046 1781 pendente
1085 1705 1278 1763 adhuc
1319 1704 1444 1774 lite,
1474 1706 1681 1774 macie,
1714 1725 1926 1774 errore,

167 1803 367 1881 vigilia
411 1822 584 1878 poene
631 1802 953 1870 confectUS,
1002 1810 1180 1880 negat
1228 1811 1431 1860 tamen
1476 1802 1599 1860 ulla
1640 1823 1714 1860 ex
1759 1812 1927 1880 parte

166 1901 454 1976 poenitere
476 1917 539 1956 se
563 1899 720 1974 quod
744 1897 1014 1974 Apollini
1036 1901 1303 1956 monenti
1327 1900 1604 1975 paruerit.
1671 1900 1930 1957 Interro-

166 1996 442 2073 gantibus
473 1995 698 2053 scilicet
722 1995 1166 2064 Eumenidibus‚
1192 2015 1310 2052 non
1340 1997 1465 2054 sine
1496 1995 1910 2064 contumeliab,

522 2119 545 2159 ὁ
564 2115 712 2173 μάντις
733 2116 928 2175 ἐξηγεῖτό
950 2134 1023 2161 σοι
1043 2118 1374 2175 μητροκτονεῖν;

166 2220 251 2277 ita
279 2220 596 2295 respondit,
628 2226 696 2276 ut
728 2219 928 2276 decuit
958 2220 1184 2295 pietate
1214 2226 1631 2295 praestantem:

519 2341 587 2385 καὶ
609 2341 735 2398 δεῦρό
756 2339 797 2398 γ’
819 2340 884 2384 ἀεὶ
905 2341 981 2396 τὴν
1001 2339 1136 2399 τύχην
1156 2342 1205 2385 οὗ
1225 2341 1464 2399 μέμφομαι.

168 2443 351 2513 Quasi
382 2444 558 2512 dicat,
590 2451 624 2475 “
646 2441 886 2500 Nullius
916 2443 1000 2499 rei
1030 2462 1149 2500 non
1179 2443 1415 2500 facilem
1446 2442 1556 2500 sibi
1586 2443 1711 2500 fore
1731 2444 1930 2519 jactu-

166 2559 308 2608 ram,
338 2540 517 2597 modo
556 2539 845 2615 propitius
889 2539 1042 2596 adsit
1077 2539 1144 2606 isi,
1181 2540 1276 2596 cui
1314 2540 1569 2615 primum
1615 2559 1678 2598 se
1722 2542 1930 2598 addix-

166 2642 297 2709 erit,
329 2639 601 2716 Ap0110.”

259 2737 550 2811 Denique,
609 2734 766 2810 quod
824 2734 1050 2809 optimo
1109 2735 1375 2791 omnium
1437 2735 1592 2791 foret
1649 2736 1926 2812 auspiciO,

163 2833 346 2908 ipsius
371 2830 597 2889 Orestis
633 2849 881 2906 persona
910 2831 1027 2887 ciet
1068 2850 1188 2887 non
1226 2832 1687 2890 misericordiam
1729 2833 1926 2902 mode,

166 2948 370 2986 verum
421 2928 602 2984 etiam
654 2928 1047 2984 reverentiam
1092 2929 1404 3003 quandam,
1448 2930 1757 2997 modestia,
1805 2931 1928 3004 pie-

164 3031 308 3092 tate,
337 3022 748 3100 magnitudine
778 3023 976 3079 animi.
1048 3022 1291 3091 Mirere,
1323 3042 1499 3099 quam
1529 3043 1718 3100 pauca
1747 3024 1927 3081 verba

164 3123 359 3190 faciat,
403 3120 870 3199 πρωταγωνιστὴς
921 3141 1057 3178 cum
1111 3122 1206 3189 sit,
1259 3141 1514 3198 cumque
1564 3124 1623 3179 in
1678 3141 1749 3179 eo
1801 3122 1926 3179 solo

163 3238 393 3278 summa
442 3217 762 3294 Tragoediae
821 3217 970 3274 ratio
1031 3223 1334 3274 vertatur:
1409 3218 1574 3292 quasi
1626 3237 1732 3293 per
1789 3236 1926 3274 eum

164 3315 564 3373 demonstrare
624 3313 872 3370 voluerit
931 3313 1259 3390 AEschylus‚
1315 3315 1415 3390 qui
1478 3333 1688 3383 sermo,
1751 3314 1926 3388 quive

341 3533 364 3556 ἃ
393 3526 495 3570 Jud.
524 3540 590 3583 13.
616 3539 686 3582 23.
732 3522 873 3567 LXX.
1441 3525 1460 3551 ¹²
1491 3525 1620 3569 Eum.
1644 3524 1748 3582 598.
