2288 4036
211 175 321 234 802
519 173 661 239 Quid
690 173 916 244 Viryilio
943 170 1212 226 debuerint
1231 173 1443 227 Latinae
1468 173 1635 227 literce
1655 199 1670 228 .·
1743 196 1903 230 PRAEL.
1924 198 2010 232 xa,

211 342 276 380 re
300 341 439 381 cum
464 320 685 380 affectu
710 320 912 398 aliquo
942 323 1215 399 graviore
1242 331 1500 382 maneat.
1564 322 1744 383 Ruris
1764 329 2007 403 quidem

211 428 274 480 et
306 423 548 480 rusticae
581 422 665 479 rei
696 420 931 499 insigne
956 420 1279 498 aliquando
1311 442 1431 500 prae
1461 443 1526 482 se
1556 424 1672 482 fert
1704 427 1970 485 studium
1996 448 2013 486 ε

210 523 297 581 ita
328 531 551 589 tamen,
584 530 654 579 ut
685 540 923 598 semper
963 521 1267 600 intelligas
1297 524 1517 581 versari
1550 543 1687 582 eum
1720 525 1803 583 ibi
1837 528 2017 585 rusti-

210 623 481 680 cantium
527 622 731 698 pntius
762 640 943 698 quam
978 621 1242 698 ipsorum
1273 623 1602 700 agrestium
1634 644 1836 693 more3
1888 626 2016 684 Ro-

211 741 372 780 mam
405 722 619 798 saepius
651 720 950 799 cogitare3
990 719 1262 779 villulam
1286 740 1456 780 suam
1480 722 1782 800 Laresque
1806 725 2015 784 fovere

210 841 331 878 non
365 829 490 879 tam
522 822 787 898 ipsorum
819 821 1037 898 gratia,
1062 840 1242 897 quam
1273 829 1457 898 gratae
1489 824 1725 899 quietis,
1756 826 2014 884 munda-

211 943 342 979 rum
396 922 733 1000 epularum,
778 929 841 979 et
887 922 934 979 si
983 941 1119 998 quae
1167 923 1226 980 id
1273 943 1464 1001 genus
1511 924 1744 982 deliciae
1794 933 2013 1003 praesto·

212 1030 400 1080 erant.
466 1021 676 1082 Verbo
709 1022 940 1079 dicam:
988 1022 1047 1078 id
1081 1022 1240 1098 quod
1275 1023 1500 1081 veritus
1531 1031 1663 1081 erat
1694 1025 1750 1081 in
1786 1044 1848 1083 se
1880 1026 2012 1103 ipso

211 1121 518 1199 Virgilius,
566 1121 880 1179 addiderat
923 1120 1024 1178 hic
1066 1140 1128 1179 se
1171 1122 1337 1180 nulla
1374 1122 1666 1201 religione·
1697 1123 2013 1201 Epicureae

211 1222 451 1279 cuidam
510 1220 773 1289 familiae,
834 1240 1034 1297 neque
1092 1220 1272 1279 aliam
1335 1223 1577 1280 vivendi
1638 1223 1836 1301 legem
1895 1226 2010 1282 sibi

207 1329 616 1400 proposuerat,
664 1340 843 1398 quam
893 1328 962 1378 ut
1009 1321 1166 1380 dona
1205 1323 1513 1399 praesentis
1558 1323 1736 1388 horae,
1783 1326 2011 1401 qualia-

208 1443 447 1500 cunque
479 1423 745 1490 tandem,
777 1420 958 1480 laetus
989 1429 1246 1499 raperet.
1313 1422 1553 1500 Neque,
1575 1431 1644 1480 ut
1671 1424 2010 1493 LucretiUS,

206 1525 407 1581 media
454 1522 769 1600 voluptate
815 1523 953 1600 angi
1001 1542 1063 1580 se
1110 1523 1312 1591 sentit,
1346 1532 1409 1580 et
1451 1523 1704 1581 obscuro
1745 1525 2008 1601 quodam

207 1624 503 1682 desiderio
549 1634 838 1699 tanquam
884 1623 945 1678 in
986 1623 1351 1679 immensum
1389 1622 1563 1680 trahi.
1655 1622 1817 1692 Quid
1851 1643 2012 1699 quae-

206 1723 381 1781 ritis?
427 1721 672 1780 hilarior
702 1729 795 1801 est
829 1721 1027 1788 home,
1062 1723 1421 1799 propiorque
1452 1722 1637 1800 vulgo
1665 1742 1872 1780 eorum
1907 1724 2007 1799 qui

208 1822 407 1882 Genio
438 1821 775 1900 indulgent,
798 1840 976 1898 quam
1009 1828 1079 1879 ut
1104 1822 1356 1879 caritate
1381 1822 1638 1898 quadam
1665 1823 2006 1880 absentium

207 1941 408 1979 rerum
455 1922 802 1988 duceretur,
830 1921 931 1997 qui
976 1940 1204 1990 sensus,
1237 1939 1270 1977 e
1300 1930 1505 1978 nostra
1550 1920 1824 1989 formula,
1862 1940 2009 1998 prae-

207 2022 383 2099 cipue
415 2021 702 2079 Poeticus
734 2029 862 2079 erat
893 2021 1226 2078 habendus.

293 2122 529 2182 Verum
576 2122 651 2179 de
686 2121 945 2179 Horatio
987 2122 1253 2178 sentiant
1292 2121 1433 2198 quid
1479 2121 1668 2178 velint
1713 2121 2008 2179 homines,

206 2221 369 2281 Illud
415 2223 627 2299 utique
673 2222 789 2279 erit
835 2223 899 2278 in
945 2220 1217 2279 confesso
1264 2221 1561 2290 omnibUS,
1595 2220 1857 2299 Virgilio
1903 2240 2009 2298 po-

206 2323 505 2382 tissimum
564 2320 813 2379 Latinas
873 2320 1096 2388 literas,
1152 2339 1289 2397 quae
1351 2327 1486 2397 post
1544 2340 1686 2378 eum
1745 2320 2007 2390 fuerunt,

207 2422 471 2481 colorem
534 2441 710 2480 suum
770 2421 1149 2496 formamque
1210 2420 1452 2478 debere.
1560 2418 1782 2496 Neque
1842 2421 2003 2478 enim

206 2543 325 2581 non
396 2522 470 2580 ad
530 2520 692 2579 illius
766 2520 1078 2597 exemplar
1146 2519 1486 2596 composuit
1557 2539 1619 2576 se
1690 2520 2005 2595 quisquam

204 2623 493 2690 omnium,
549 2622 651 2699 qui
710 2620 1000 2679 inclinata
1049 2621 1181 2698 jam
1236 2619 1434 2677 Roma
1494 2619 1857 2695 scripserunt
1910 2617 2005 2675 vel

207 2720 397 2798 Epica
445 2720 535 2778 vel
586 2718 937 2778 Pastoralia.
1034 2719 1346 2778 Lucanum
1395 2739 1514 2776 non
1570 2718 1847 2795 excipio:
1902 2719 2006 2795 qui

206 2819 350 2878 licet
404 2820 616 2896 spiritu
671 2825 734 2877 et
787 2818 991 2876 indole
1043 2819 1263 2875 mirum
1315 2825 1607 2894 quantum
1663 2837 1698 2874 a
1751 2816 2005 2895 Virgilio

205 2919 520 2996 discrepet,
554 2926 617 2977 at
649 2920 842 2977 forma
874 2926 1077 2976 tamen
1113 2924 1175 2975 et
1209 2925 1418 2975 tenore
1453 2917 1751 2984 narrandi,
1784 2924 1846 2974 et
1881 2917 2006 2994 ipsa

206 3019 418 3095 saepius
472 3020 787 3077 verborum
833 3020 1123 3095 junctura
1175 3026 1238 3075 et
1293 3018 1512 3085 sonitU,
1566 3016 1772 3074 dedita
1823 3036 2005 3093 opera

205 3118 445 3175 videtur
474 3119 736 3176 eundem
768 3119 1010 3176 imitari.
1241 3122 1245 3126 ’
1947 3188 1950 3190 v

298 3216 501 3286 Porro,
555 3219 717 3295 quod
762 3219 972 3297 majus,
1026 3217 1269 3295 Virgilii
1331 3217 1707 3293 potissimum
1769 3216 2014 3292 seriptis

202 3317 470 3375 imbutos
515 3317 696 3375 fuisse
743 3317 999 3395 legimus
1046 3316 1373 3387 Quiritium
1414 3315 1687 3392 juniores
1732 3334 1767 3372 a
1812 3315 2004 3391 prima

206 3436 396 3493 usque
445 3418 719 3494 pueritia.
813 3416 912 3475 Sic
952 3416 1382 3486 Quintilianus,
1427 3416 1486 3471 in
1535 3415 1641 3472 tali
1689 3434 1750 3471 re
1791 3425 2004 3472 auctor

203 3517 366 3572 omni
410 3508 769 3591 exceptione
816 3514 1022 3589 major.
1114 3512 1502 3589 “Optin1ea,”
1533 3513 1746 3588 inquit,
1783 3513 2006 3570 “insti-

931 3652 954 3675 a
978 3644 1138 3693 Quint.
1168 3659 1206 3688 1.
1232 3656 1275 3699 5.
