2288 4036
183 305 535 343 PRAEL.XXXV1.
576 285 939 337 Phor-imarum
962 280 1066 349 qius
1091 278 1484 331 similitudinum
1510 278 1661 329 ratio.
1825 279 1925 331 731

186 449 415 505 quoque
461 437 745 485 terrarum
791 423 1038 500 angulo:
1088 422 1249 479 velut
1281 421 1401 488 ubi,
1433 420 1772 496 propinquis
1805 420 1932 494 jam

187 527 414 591 armisss,

423 642 683 688 Evandrum
704 656 756 684 ex
777 640 935 683 humili
955 646 1070 683 tecto
1091 640 1169 682 lux
1190 637 1373 681 suscitat
1394 638 1522 688 alma,

423 715 482 758 Et
501 712 707 757 matutini
728 712 961 755 volucrum
983 710 1067 754 sub
1089 709 1282 753 culmine
1303 715 1459 752 cantus
1475 725 1548 752 :—

190 817 282 874 vel
327 816 444 881 ubi,
477 813 750 872 Vulcano
785 812 858 868 ad
904 830 1080 886 opera
1123 809 1354 867 fabrilia
1398 816 1690 886 surgente,
1724 809 1938 867 dulcis-

190 915 335 970 sima
363 910 677 968 adhibetur
705 907 986 982 temporis
1017 906 1364 982 significatio
1383 909 1432 962 t:

542 1030 634 1074 Ubi
653 1030 796 1087 prima
816 1029 940 1086 quies
961 1027 1108 1071 medio
1122 1028 1216 1085 jam
1236 1027 1379 1070 noctis
1400 1026 1566 1070 abactae

422 1101 656 1146 Curriculo
675 1101 902 1158 expulerat
923 1114 1158 1150 somnum3
1191 1113 1295 1142 cum
1314 1098 1497 1142 foemina
1515 1099 1725 1156 primum,

423 1173 508 1217 Cui
527 1174 711 1216 tolerare
732 1173 829 1215 colo
849 1171 985 1215 vitam
1004 1170 1216 1228 tenuique
1238 1170 1443 1214 Minerva

422 1242 703 1300 Impositum,
726 1241 918 1284 cinerem
938 1247 981 1284 et
1002 1241 1170 1297 sopitos
1194 1240 1377 1283 suscitat
1398 1240 1538 1297 ignes,

420 1314 611 1358 Noctem
631 1311 799 1355 addens
821 1311 955 1369 operi,
979 1319 1151 1355 castum
1174 1318 1224 1355 ut
1246 1326 1418 1355 servare
1439 1311 1584 1355 cubile

421 1385 652 1444 Conjugis,
675 1391 718 1428 et
738 1384 879 1441 possit
899 1398 1057 1441 parvos
1079 1382 1265 1427 educere
1284 1390 1428 1427 natos.

187 1505 433 1562 Haerent
480 1503 542 1559 in
591 1502 683 1558 his
727 1499 1014 1568 nonnulli,
1056 1507 1337 1575 tanquam
1389 1499 1583 1556 alieno
1630 1499 1760 1556 loco
1807 1520 1938 1576 pro-

186 1602 349 1659 latis:
397 1601 499 1658 sed
529 1599 731 1675 quidni
762 1597 1069 1673 Virgilius,
1101 1595 1375 1654 militiam
1411 1615 1529 1652 non
1577 1602 1786 1671 sponte
1816 1597 1938 1653 adi-

185 1707 366 1765 turUS,
411 1714 689 1762 amorem,
731 1695 831 1770 qui
875 1693 984 1750 sibi
1031 1712 1262 1768 semper
1305 1699 1447 1759 erat,
1493 1693 1737 1769 agrestis
1783 1693 1935 1761 vitae,

185 1796 394 1853 leniret
425 1795 549 1869 ejus
580 1791 790 1868 opellae
821 1789 1167 1847 mentione?

266 1891 472 1966 Atque
500 1890 625 1947 haec
656 1889 894 1964 quidem
938 1887 1134 1944 hausit
1167 1906 1243 1943 ex
1274 1885 1648 1943 Homericis:
1693 1887 1846 1943 sicut
1875 1893 1938 1943 et

183 1987 463 2063 plurimas
507 1985 938 2051 similitudineS,
971 1983 1199 2057 quibus,
1231 1983 1317 2038 uti
1350 1982 1549 2049 nostis»,
1581 1981 1813 2039 evolare
1850 2001 1942 2038 so-

184 2085 267 2141 let
298 2103 330 2140 e
360 2084 556 2140 media
586 2082 749 2139 caede
779 2088 840 2138 et
871 2081 1172 2156 sanguine,
1203 2098 1383 2154 seque
1414 2080 1475 2135 in
1505 2085 1668 2135 tutos
1689 2077 1938 2135 Naturae

184 2199 441 2238 recessus
485 2179 718 2236 abdere.
796 2177 986 2236 Verbi
1017 2195 1224 2233 causa:
1271 2176 1534 2233 obsessos
1567 2175 1812 2232 Latinos
1855 2175 1940 2233 ita

183 2278 366 2335 ferme
396 2275 752 2334 commoveri
782 2280 979 2331 narrat
999 2282 1042 2340 ¹¹,

418 2398 620 2441 Inclusas
641 2403 692 2440 ut
713 2411 817 2440 cum
837 2395 1058 2439 latebroso
1079 2394 1127 2437 in
1147 2394 1323 2450 pumice
1344 2401 1496 2451 pastor

416 2469 665 2526 Vestigavit
686 2483 806 2525 apes,
827 2468 1041 2525 fumoque
1062 2466 1260 2523 implevit
1282 2480 1432 2510 amaro
1448 2484 1462 2517 ;

418 2543 511 2586 111ae
532 2543 654 2585 intus
674 2539 858 2598 trepidae
878 2553 1028 2583 rerum
1048 2553 1126 2596 per
1147 2553 1270 2582 cerea
1290 2545 1433 2582 castra

418 2616 704 2666 Discurrunt,
726 2612 989 2670 magnisque
1010 2617 1177 2655 acuunt
1198 2609 1463 2654 stridoribus
1484 2609 1598 2653 iras:

417 2688 624 2732 Volvitur
644 2694 736 2730 ater
756 2685 867 2729 odor
886 2684 1038 2728 tectis:
1072 2690 1170 2727 tum
1190 2697 1421 2726 murmure
1442 2696 1563 2726 coeco

418 2762 549 2805 Intus
571 2774 677 2803 saxa
697 2764 884 2802 sonant:
917 2771 1078 2801 vacuas
1099 2756 1134 2800 it
1154 2755 1307 2799 fumus
1329 2754 1386 2799 ad
1407 2768 1552 2798 auras.

186 2871 381 2927 Etiam
412 2887 547 2945 quae
577 2867 776 2933 habet,
807 2866 1187 2923 atrocissimae
1217 2883 1429 2941 pugnae
1458 2863 1813 2920 immixta¹z

599 2978 723 3022 Furit
743 2978 925 3029 AEneaS,
947 2983 1180 3034 tectusque
1198 2983 1318 3020 tenet
1339 2991 1413 3029 se3

417 3051 484 3094 Ac
507 3051 641 3102 velut,
662 3049 803 3093 effusa
824 3049 861 3093 si
882 3048 1062 3107 quando
1083 3049 1298 3107 grandine
1318 3048 1462 3093 nimbi

418 3122 715 3179 Praecipitant,
737 3121 882 3165 omnis
905 3120 1071 3178 campis
1093 3119 1270 3178 diffugit
1290 3127 1450 3173 arator,

420 3193 580 3238 Omnis
602 3202 645 3238 et
665 3194 857 3251 agricola
868 3211 881 3244 3
915 3199 957 3236 et
978 3199 1074 3236 tuta
1092 3193 1198 3236 latet
1219 3207 1317 3236 arce
1336 3193 1493 3245 viator,

417 3266 510 3310 Aut
531 3267 674 3310 amnis
695 3266 818 3323 ripis,
836 3272 913 3309 aut
933 3265 1010 3308 alti
1030 3264 1197 3308 fornice
1219 3280 1312 3316 sax,

418 3338 545 3381 Dum
564 3338 678 3396 pluit
698 3338 746 3380 in
765 3337 893 3381 terris
909 3355 923 3389 3
953 3343 1005 3381 ut
1024 3337 1180 3394 possit,
1204 3338 1295 3380 sole
1315 3336 1513 3388 reducto,

419 3410 633 3454 Exercere
655 3409 771 3454 diem
790 3427 802 3454 ε
835 3409 897 3453 sic
918 3409 1107 3453 obrutus
1128 3407 1327 3466 undique
1347 3408 1444 3452 telis

217 3600 234 3623 ὃ
257 3594 366 3636 AEn.
390 3594 431 3637 8.
455 3605 556 3650 455.
676 3595 692 3624 ¹⁵
714 3594 824 3637 Ibid.
849 3604 949 3649 407.
1073 3599 1098 3621 ¹¹
1118 3591 1229 3635 Ibid.
1250 3605 1317 3635 12.
1342 3592 1445 3648 587.
1566 3599 1590 3621 x
1611 3591 1724 3635 Ibid.
1749 3605 1815 3635 10.
1831 3593 1933 3636 802.
