<?xml version="1.0" encoding="UTF-8"?>
<!DOCTYPE html PUBLIC "-//W3C//DTD XHTML 1.0 Transitional//EN"
    "http://www.w3.org/TR/xhtml1/DTD/xhtml1-transitional.dtd">
<html xmlns="http://www.w3.org/1999/xhtml" xml:lang="en" lang="en">
 <head>
  <title>
</title>
<meta http-equiv="Content-Type" content="text/html;charset=utf-8" />
  <meta name='ocr-system' content='tesseract 3.04.00' />
  <meta name='ocr-capabilities' content='ocr_page ocr_carea ocr_par ocr_line ocrx_word'/>
</head>
<body>
  <div class='ocr_page' id='page_1' title='image "./a588873902kebluoft_0175.png"; bbox 0 0 2288 4036; ppageno 0'>
   <div class='ocr_carea' id='block_1_1' title="bbox 163 250 1917 346">
    <p class='ocr_par' dir='ltr' id='par_1_1' title="bbox 163 250 1917 346">
     <span class='ocr_line' id='line_1_1' title="bbox 163 250 1917 346; baseline -0.002 -12"><span class='ocrx_word' id='word_1_1' title='bbox 163 297 317 334; x_wconf 65' lang='lat' dir='ltr'>mant.</span> <span class='ocrx_word' id='word_1_2' title='bbox 337 295 506 332; x_wconf 80' lang='lat' dir='ltr'>xxvn.</span> <span class='ocrx_word' id='word_1_3' title='bbox 554 250 670 330; x_wconf 14' lang='lat' dir='ltr'>tm&amp;</span> <span class='ocrx_word' id='word_1_4' title='bbox 684 274 787 346; x_wconf 73' lang='lat' dir='ltr'>ipsi</span> <span class='ocrx_word' id='word_1_5' title='bbox 809 274 1070 328; x_wconf 72' lang='lat' dir='ltr'>credebant</span> <span class='ocrx_word' id='word_1_6' title='bbox 1086 297 1110 337; x_wconf 86' lang='lat'>,·</span> <span class='ocrx_word' id='word_1_7' title='bbox 1136 275 1429 346; x_wconf 68' lang='lat' dir='ltr'>praesertim</span> <span class='ocrx_word' id='word_1_8' title='bbox 1454 275 1744 329; x_wconf 73' lang='lat' dir='ltr'><strong><em>Pindarus.</em></strong></span> <span class='ocrx_word' id='word_1_9' title='bbox 1807 277 1917 330; x_wconf 77' lang='lat'>553</span> 
     </span>
    </p>
   </div>
   <div class='ocr_carea' id='block_1_2' title="bbox 164 414 1915 685">
    <p class='ocr_par' dir='ltr' id='par_1_2' title="bbox 164 414 1915 685">
     <span class='ocr_line' id='line_1_2' title="bbox 164 414 1913 493; baseline -0.004 -12"><span class='ocrx_word' id='word_1_10' title='bbox 164 414 524 481; x_wconf 80' lang='lat' dir='ltr'>celeberrimi</span> <span class='ocrx_word' id='word_1_11' title='bbox 561 418 863 477; x_wconf 86' lang='lat' dir='ltr'>Poematis</span> <span class='ocrx_word' id='word_1_12' title='bbox 907 418 1186 486; x_wconf 81' lang='lat' dir='ltr'>exordi03</span> <span class='ocrx_word' id='word_1_13' title='bbox 1230 419 1277 476; x_wconf 90' lang='lat' dir='ltr'>si</span> <span class='ocrx_word' id='word_1_14' title='bbox 1324 418 1492 484; x_wconf 88' lang='lat' dir='ltr'>forte,</span> <span class='ocrx_word' id='word_1_15' title='bbox 1530 417 1687 491; x_wconf 92' lang='lat' dir='ltr'>quod</span> <span class='ocrx_word' id='word_1_16' title='bbox 1732 425 1913 493; x_wconf 84' lang='lat' dir='ltr'>caput</span> 
     </span>
     <span class='ocr_line' id='line_1_3' title="bbox 164 512 1915 587; baseline -0.004 -11"><span class='ocrx_word' id='word_1_17' title='bbox 164 524 254 576; x_wconf 80' lang='lat' dir='ltr'>est</span> <span class='ocrx_word' id='word_1_18' title='bbox 307 514 595 572; x_wconf 77' lang='lat' dir='ltr'>universae</span> <span class='ocrx_word' id='word_1_19' title='bbox 646 513 983 570; x_wconf 78' lang='lat' dir='ltr'>criticorum</span> <span class='ocrx_word' id='word_1_20' title='bbox 1037 512 1194 578; x_wconf 87' lang='lat' dir='ltr'>artis,</span> <span class='ocrx_word' id='word_1_21' title='bbox 1243 513 1418 569; x_wconf 83' lang='lat' dir='ltr'>rebus</span> <span class='ocrx_word' id='word_1_22' title='bbox 1480 530 1688 587; x_wconf 84' lang='lat' dir='ltr'>parum</span> <span class='ocrx_word' id='word_1_23' title='bbox 1746 513 1915 570; x_wconf 81' lang='lat' dir='ltr'>novis</span> 
     </span>
     <span class='ocr_line' id='line_1_4' title="bbox 165 608 1024 685; baseline -0.009 -14"><span class='ocrx_word' id='word_1_24' title='bbox 165 630 314 670; x_wconf 87' lang='lat' dir='ltr'>nova</span> <span class='ocrx_word' id='word_1_25' title='bbox 341 609 446 668; x_wconf 83' lang='lat' dir='ltr'>lux</span> <span class='ocrx_word' id='word_1_26' title='bbox 475 609 694 685; x_wconf 84' lang='lat' dir='ltr'>poterit</span> <span class='ocrx_word' id='word_1_27' title='bbox 724 608 969 665; x_wconf 78' lang='lat' dir='ltr'>immitti</span> <span class='ocrx_word' id='word_1_28' title='bbox 989 617 1024 663; x_wconf 76' lang='lat'>⁵.</span> 
     </span>
    </p>
   </div>
   <div class='ocr_carea' id='block_1_3' title="bbox 165 726 1922 1666">
    <p class='ocr_par' dir='ltr' id='par_1_3' title="bbox 334 726 1914 847">
     <span class='ocr_line' id='line_1_5' title="bbox 334 726 1914 788; baseline -0.001 -14"><span class='ocrx_word' id='word_1_29' title='bbox 334 727 505 788; x_wconf 72' lang='grc' dir='ltr'>χρυσέα</span> <span class='ocrx_word' id='word_1_30' title='bbox 539 729 752 788; x_wconf 72' lang='grc' dir='ltr'>φόρμιγξ,</span> <span class='ocrx_word' id='word_1_31' title='bbox 781 727 1062 774; x_wconf 75' lang='grc' dir='ltr'>Ἀπόλλωνος</span> <span class='ocrx_word' id='word_1_32' title='bbox 1094 728 1163 772; x_wconf 78' lang='grc' dir='ltr'>καὶ</span> <span class='ocrx_word' id='word_1_33' title='bbox 1196 726 1468 786; x_wconf 76' lang='grc' dir='ltr'>ἰοπλοκάμων</span> <span class='ocrx_word' id='word_1_34' title='bbox 1499 726 1702 774; x_wconf 75' lang='grc' dir='ltr'>σύνδικον</span> <span class='ocrx_word' id='word_1_35' title='bbox 1739 730 1914 773; x_wconf 80' lang='grc' dir='ltr'>Μοισᾶν</span> 
     </span>
     <span class='ocr_line' id='line_1_6' title="bbox 394 820 583 847; baseline -0.005 -1"><span class='ocrx_word' id='word_1_36' title='bbox 394 820 583 847; x_wconf 62' lang='grc' dir='ltr'>Κῗεαῖθν.</span> 
     </span>
    </p>

    <p class='ocr_par' dir='ltr' id='par_1_4' title="bbox 165 907 1922 1666">
     <span class='ocr_line' id='line_1_7' title="bbox 166 907 1919 984; baseline -0.002 -12"><span class='ocrx_word' id='word_1_37' title='bbox 166 911 458 984; x_wconf 79' lang='lat' dir='ltr'>Quorsum</span> <span class='ocrx_word' id='word_1_38' title='bbox 497 909 662 979; x_wconf 78' lang='lat' dir='ltr'>illud,</span> <span class='ocrx_word' id='word_1_39' title='bbox 694 907 939 968; x_wconf 75' lang='grc' dir='ltr'>σύνδικον</span> <span class='ocrx_word' id='word_1_40' title='bbox 968 908 1226 978; x_wconf 73' lang='grc' dir='ltr'>κτέανον;</span> <span class='ocrx_word' id='word_1_41' title='bbox 1275 907 1494 969; x_wconf 79' lang='lat' dir='ltr'>Nonne</span> <span class='ocrx_word' id='word_1_42' title='bbox 1530 910 1592 968; x_wconf 77' lang='lat' dir='ltr'>in</span> <span class='ocrx_word' id='word_1_43' title='bbox 1623 929 1696 969; x_wconf 80' lang='grc' dir='ltr'>ΘΟ</span> <span class='ocrx_word' id='word_1_44' title='bbox 1725 929 1919 969; x_wconf 72' lang='lat' dir='ltr'>Versa-</span> 
     </span>
     <span class='ocr_line' id='line_1_8' title="bbox 165 1006 1917 1076; baseline -0.002 -8"><span class='ocrx_word' id='word_1_45' title='bbox 165 1018 261 1068; x_wconf 86' lang='lat' dir='ltr'>tur</span> <span class='ocrx_word' id='word_1_46' title='bbox 306 1009 612 1076; x_wconf 77' lang='lat' dir='ltr'>PindaruS,</span> <span class='ocrx_word' id='word_1_47' title='bbox 662 1015 731 1065; x_wconf 88' lang='lat' dir='ltr'>ut</span> <span class='ocrx_word' id='word_1_48' title='bbox 789 1007 1000 1065; x_wconf 84' lang='lat' dir='ltr'>doceat</span> <span class='ocrx_word' id='word_1_49' title='bbox 1052 1006 1397 1075; x_wconf 78' lang='lat' dir='ltr'>Hieronem,</span> <span class='ocrx_word' id='word_1_50' title='bbox 1450 1008 1917 1065; x_wconf 82' lang='lat' dir='ltr'>instrumentum</span> 
     </span>
     <span class='ocr_line' id='line_1_9' title="bbox 165 1103 1921 1181; baseline -0.002 -17"><span class='ocrx_word' id='word_1_51' title='bbox 165 1123 337 1164; x_wconf 88' lang='lat' dir='ltr'>omne</span> <span class='ocrx_word' id='word_1_52' title='bbox 381 1105 683 1181; x_wconf 89' lang='lat' dir='ltr'>poeticum</span> <span class='ocrx_word' id='word_1_53' title='bbox 725 1103 971 1161; x_wconf 89' lang='lat' dir='ltr'>minime</span> <span class='ocrx_word' id='word_1_54' title='bbox 1004 1103 1080 1161; x_wconf 87' lang='lat' dir='ltr'>ad</span> <span class='ocrx_word' id='word_1_55' title='bbox 1116 1103 1486 1180; x_wconf 87' lang='lat' dir='ltr'>voluptatem</span> <span class='ocrx_word' id='word_1_56' title='bbox 1531 1104 1717 1161; x_wconf 87' lang='lat' dir='ltr'>solam</span> <span class='ocrx_word' id='word_1_57' title='bbox 1753 1104 1921 1161; x_wconf 89' lang='lat' dir='ltr'>adhi-</span> 
     </span>
     <span class='ocr_line' id='line_1_10' title="bbox 165 1199 1917 1276; baseline -0.002 -16"><span class='ocrx_word' id='word_1_58' title='bbox 165 1203 322 1271; x_wconf 80' lang='lat' dir='ltr'>beri3</span> <span class='ocrx_word' id='word_1_59' title='bbox 367 1202 551 1259; x_wconf 90' lang='lat' dir='ltr'>immo</span> <span class='ocrx_word' id='word_1_60' title='bbox 591 1202 664 1259; x_wconf 90' lang='lat' dir='ltr'>ad</span> <span class='ocrx_word' id='word_1_61' title='bbox 699 1199 968 1259; x_wconf 86' lang='lat' dir='ltr'>Deorum</span> <span class='ocrx_word' id='word_1_62' title='bbox 1011 1201 1271 1276; x_wconf 83' lang='lat' dir='ltr'>aliquem</span> <span class='ocrx_word' id='word_1_63' title='bbox 1314 1202 1626 1276; x_wconf 83' lang='lat' dir='ltr'>pertinere,</span> <span class='ocrx_word' id='word_1_64' title='bbox 1672 1201 1917 1276; x_wconf 88' lang='lat' dir='ltr'>ejusque</span> 
     </span>
     <span class='ocr_line' id='line_1_11' title="bbox 166 1297 1922 1375; baseline -0.002 -19"><span class='ocrx_word' id='word_1_65' title='bbox 166 1299 408 1375; x_wconf 86' lang='lat' dir='ltr'>imperia</span> <span class='ocrx_word' id='word_1_66' title='bbox 443 1297 596 1355; x_wconf 88' lang='lat' dir='ltr'>velle</span> <span class='ocrx_word' id='word_1_67' title='bbox 635 1299 914 1373; x_wconf 81' lang='lat' dir='ltr'>exsequi3</span> <span class='ocrx_word' id='word_1_68' title='bbox 959 1316 1068 1355; x_wconf 89' lang='lat' dir='ltr'>nec</span> <span class='ocrx_word' id='word_1_69' title='bbox 1111 1298 1222 1354; x_wconf 87' lang='lat' dir='ltr'>nisi</span> <span class='ocrx_word' id='word_1_70' title='bbox 1267 1304 1613 1373; x_wconf 88' lang='lat' dir='ltr'>contempto</span> <span class='ocrx_word' id='word_1_71' title='bbox 1655 1316 1745 1364; x_wconf 88' lang='lat' dir='ltr'>eo,</span> <span class='ocrx_word' id='word_1_72' title='bbox 1783 1316 1922 1354; x_wconf 90' lang='lat' dir='ltr'>con-</span> 
     </span>
     <span class='ocr_line' id='line_1_12' title="bbox 166 1391 1921 1471; baseline -0.002 -19"><span class='ocrx_word' id='word_1_73' title='bbox 166 1396 350 1453; x_wconf 90' lang='lat' dir='ltr'>temni</span> <span class='ocrx_word' id='word_1_74' title='bbox 379 1394 588 1470; x_wconf 72' lang='lat' dir='ltr'>posse?</span> <span class='ocrx_word' id='word_1_75' title='bbox 662 1394 867 1471; x_wconf 85' lang='lat' dir='ltr'>Pergit</span> <span class='ocrx_word' id='word_1_76' title='bbox 898 1391 1174 1470; x_wconf 79' lang='lat' dir='ltr'>deinceps</span> <span class='ocrx_word' id='word_1_77' title='bbox 1218 1402 1563 1461; x_wconf 87' lang='lat' dir='ltr'>monstrare,</span> <span class='ocrx_word' id='word_1_78' title='bbox 1593 1394 1803 1469; x_wconf 89' lang='lat' dir='ltr'>quanti</span> <span class='ocrx_word' id='word_1_79' title='bbox 1832 1394 1921 1450; x_wconf 88' lang='lat' dir='ltr'>in-</span> 
     </span>
     <span class='ocr_line' id='line_1_13' title="bbox 166 1489 1920 1560; baseline -0.001 -11"><span class='ocrx_word' id='word_1_80' title='bbox 166 1490 333 1549; x_wconf 87' lang='lat' dir='ltr'>tersit</span> <span class='ocrx_word' id='word_1_81' title='bbox 384 1490 477 1548; x_wconf 89' lang='lat' dir='ltr'>vel</span> <span class='ocrx_word' id='word_1_82' title='bbox 526 1492 601 1548; x_wconf 83' lang='lat' dir='ltr'>ad</span> <span class='ocrx_word' id='word_1_83' title='bbox 653 1489 1060 1549; x_wconf 82' lang='lat' dir='ltr'>beatissimum</span> <span class='ocrx_word' id='word_1_84' title='bbox 1111 1490 1283 1547; x_wconf 92' lang='lat' dir='ltr'>illum</span> <span class='ocrx_word' id='word_1_85' title='bbox 1331 1491 1457 1548; x_wconf 84' lang='lat' dir='ltr'>caeli</span> <span class='ocrx_word' id='word_1_86' title='bbox 1509 1491 1799 1560; x_wconf 88' lang='lat' dir='ltr'>ordinem,</span> <span class='ocrx_word' id='word_1_87' title='bbox 1850 1496 1920 1547; x_wconf 90' lang='lat' dir='ltr'>ut</span> 
     </span>
     <span class='ocr_line' id='line_1_14' title="bbox 166 1587 1593 1666; baseline 0 -21"><span class='ocrx_word' id='word_1_88' title='bbox 166 1587 301 1666; x_wconf 85' lang='lat' dir='ltr'>lyrae</span> <span class='ocrx_word' id='word_1_89' title='bbox 329 1587 686 1664; x_wconf 87' lang='lat' dir='ltr'>musicisque</span> <span class='ocrx_word' id='word_1_90' title='bbox 714 1587 906 1646; x_wconf 85' lang='lat' dir='ltr'>modis</span> <span class='ocrx_word' id='word_1_91' title='bbox 935 1595 1098 1645; x_wconf 89' lang='lat' dir='ltr'>recte</span> <span class='ocrx_word' id='word_1_92' title='bbox 1127 1588 1593 1664; x_wconf 87' lang='lat' dir='ltr'>obtemperetur.</span> 
     </span>
    </p>
   </div>
   <div class='ocr_carea' id='block_1_4' title="bbox 168 1704 1925 3456">
    <p class='ocr_par' dir='ltr' id='par_1_5' title="bbox 168 1704 1924 2758">
     <span class='ocr_line' id='line_1_15' title="bbox 397 1704 1267 1769; baseline 0.006 -16"><span class='ocrx_word' id='word_1_93' title='bbox 397 1708 468 1753; x_wconf 78' lang='grc' dir='ltr'>καὶ</span> <span class='ocrx_word' id='word_1_94' title='bbox 489 1709 564 1754; x_wconf 84' lang='grc' dir='ltr'>τὸν</span> <span class='ocrx_word' id='word_1_95' title='bbox 584 1704 796 1768; x_wconf 77' lang='grc' dir='ltr'>αἷχματαν</span> <span class='ocrx_word' id='word_1_96' title='bbox 818 1707 1021 1769; x_wconf 79' lang='grc' dir='ltr'>κέραυνον</span> <span class='ocrx_word' id='word_1_97' title='bbox 1043 1708 1267 1766; x_wconf 62' lang='grc' dir='ltr'>σβεννῦεις</span> 
     </span>
     <span class='ocr_line' id='line_1_16' title="bbox 397 1781 1352 1845; baseline 0.004 -20"><span class='ocrx_word' id='word_1_98' title='bbox 397 1781 550 1826; x_wconf 81' lang='grc' dir='ltr'>ἀενάου</span> <span class='ocrx_word' id='word_1_99' title='bbox 571 1784 719 1841; x_wconf 79' lang='grc' dir='ltr'>πυρός·</span> <span class='ocrx_word' id='word_1_100' title='bbox 752 1782 865 1827; x_wconf 77' lang='grc' dir='ltr'>εὕδει</span> <span class='ocrx_word' id='word_1_101' title='bbox 886 1782 923 1828; x_wconf 82' lang='grc' dir='ltr'>δ’</span> <span class='ocrx_word' id='word_1_102' title='bbox 945 1784 1026 1829; x_wconf 76' lang='grc' dir='ltr'>ἀνὰ</span> <span class='ocrx_word' id='word_1_103' title='bbox 1046 1785 1226 1845; x_wconf 67' lang='grc' dir='ltr'>σκάπτῳ</span> <span class='ocrx_word' id='word_1_104' title='bbox 1249 1784 1352 1830; x_wconf 77' lang='grc' dir='ltr'>Διὸς</span> 
     </span>
     <span class='ocr_line' id='line_1_17' title="bbox 399 1853 1923 1915; baseline 0.001 -17"><span class='ocrx_word' id='word_1_105' title='bbox 399 1853 553 1907; x_wconf 76' lang='grc' dir='ltr'>αῗετος,</span> <span class='ocrx_word' id='word_1_106' title='bbox 568 1855 719 1900; x_wconf 79' lang='grc' dir='ltr'>ὠκεῖαν</span> <span class='ocrx_word' id='word_1_107' title='bbox 738 1855 912 1914; x_wconf 80' lang='grc' dir='ltr'>πτερὺγ’</span> <span class='ocrx_word' id='word_1_108' title='bbox 927 1856 1238 1915; x_wconf 82' lang='grc' dir='ltr'>ἀμφοτέρωθεν</span> <span class='ocrx_word' id='word_1_109' title='bbox 1256 1857 1483 1915; x_wconf 79' lang='grc' dir='ltr'>χαλάξαις·</span> <span class='ocrx_word' id='word_1_110' title='bbox 1492 1889 1649 1901; x_wconf 87' lang='grc'><strong>......</strong></span> <span class='ocrx_word' id='word_1_111' title='bbox 1667 1856 1775 1913; x_wconf 75' lang='grc' dir='ltr'>κῆλα</span> <span class='ocrx_word' id='word_1_112' title='bbox 1791 1855 1838 1901; x_wconf 72' lang='grc' dir='ltr'>δὲ</span> <span class='ocrx_word' id='word_1_113' title='bbox 1854 1855 1923 1901; x_wconf 69' lang='grc' dir='ltr'>καὶ</span> 
     </span>
     <span class='ocr_line' id='line_1_18' title="bbox 458 1925 1383 1984; baseline 0 -13"><span class='ocrx_word' id='word_1_114' title='bbox 458 1925 670 1984; x_wconf 80' lang='grc' dir='ltr'>δαιμόνων</span> <span class='ocrx_word' id='word_1_115' title='bbox 1375 1930 1383 1933; x_wconf 56' lang='grc'><strong>“</strong></span> 
     </span>
     <span class='ocr_line' id='line_1_19' title="bbox 400 1996 1922 2058; baseline 0 -16"><span class='ocrx_word' id='word_1_116' title='bbox 400 1996 549 2057; x_wconf 83' lang='grc' dir='ltr'>θέλγει</span> <span class='ocrx_word' id='word_1_117' title='bbox 581 1999 757 2057; x_wconf 71' lang='grc' dir='ltr'>φρένας,</span> <span class='ocrx_word' id='word_1_118' title='bbox 786 1999 899 2058; x_wconf 77' lang='grc' dir='ltr'>ἄμφι</span> <span class='ocrx_word' id='word_1_119' title='bbox 927 2017 974 2045; x_wconf 82' lang='grc' dir='ltr'>τε</span> <span class='ocrx_word' id='word_1_120' title='bbox 1002 1998 1191 2044; x_wconf 78' lang='grc' dir='ltr'>Λατοίδα</span> <span class='ocrx_word' id='word_1_121' title='bbox 1223 1999 1381 2058; x_wconf 81' lang='grc' dir='ltr'>σοφίᾳ,</span> <span class='ocrx_word' id='word_1_122' title='bbox 1410 1998 1703 2053; x_wconf 76' lang='grc' dir='ltr'>βαθυκόλπων</span> <span class='ocrx_word' id='word_1_123' title='bbox 1733 2015 1780 2043; x_wconf 85' lang='grc' dir='ltr'>τε</span> <span class='ocrx_word' id='word_1_124' title='bbox 1813 2003 1922 2042; x_wconf 65' lang='lat' dir='ltr'>Moe-&#39;-</span> 
     </span>
     <span class='ocr_line' id='line_1_20' title="bbox 458 2086 559 2116; baseline -0.01 0"><span class='ocrx_word' id='word_1_125' title='bbox 458 2086 559 2116; x_wconf 61' lang='lat' dir='ltr'>vav.</span> 
     </span>
     <span class='ocr_line' id='line_1_21' title="bbox 169 2171 1924 2252; baseline 0.001 -22"><span class='ocrx_word' id='word_1_126' title='bbox 169 2171 417 2243; x_wconf 88' lang='lat' dir='ltr'>Deinde,</span> <span class='ocrx_word' id='word_1_127' title='bbox 449 2192 525 2232; x_wconf 92' lang='lat' dir='ltr'>ne</span> <span class='ocrx_word' id='word_1_128' title='bbox 555 2174 684 2251; x_wconf 87' lang='lat' dir='ltr'>quis</span> <span class='ocrx_word' id='word_1_129' title='bbox 723 2190 997 2251; x_wconf 86' lang='lat' dir='ltr'>spernere</span> <span class='ocrx_word' id='word_1_130' title='bbox 1036 2173 1253 2233; x_wconf 85' lang='lat' dir='ltr'>audeat</span> <span class='ocrx_word' id='word_1_131' title='bbox 1297 2173 1701 2252; x_wconf 82' lang='lat' dir='ltr'>gravissimam</span> <span class='ocrx_word' id='word_1_132' title='bbox 1735 2172 1924 2250; x_wconf 78' lang='lat' dir='ltr'>Supe-</span> 
     </span>
     <span class='ocr_line' id='line_1_22' title="bbox 168 2271 1922 2348; baseline -0.001 -21"><span class='ocrx_word' id='word_1_133' title='bbox 168 2288 362 2328; x_wconf 89' lang='lat' dir='ltr'>rorum</span> <span class='ocrx_word' id='word_1_134' title='bbox 407 2271 699 2340; x_wconf 80' lang='lat' dir='ltr'>nunciam,</span> <span class='ocrx_word' id='word_1_135' title='bbox 733 2271 963 2339; x_wconf 88' lang='lat' dir='ltr'>Poesin,</span> <span class='ocrx_word' id='word_1_136' title='bbox 995 2272 1194 2329; x_wconf 88' lang='lat' dir='ltr'>videte</span> <span class='ocrx_word' id='word_1_137' title='bbox 1225 2271 1427 2347; x_wconf 88' lang='lat' dir='ltr'>quales</span> <span class='ocrx_word' id='word_1_138' title='bbox 1462 2273 1590 2347; x_wconf 88' lang='lat' dir='ltr'>ejus</span> <span class='ocrx_word' id='word_1_139' title='bbox 1633 2275 1922 2348; x_wconf 85' lang='lat' dir='ltr'>proponat</span> 
     </span>
     <span class='ocr_line' id='line_1_23' title="bbox 168 2367 1909 2426; baseline 0.001 -2"><span class='ocrx_word' id='word_1_140' title='bbox 168 2368 334 2426; x_wconf 88' lang='lat' dir='ltr'>nobis</span> <span class='ocrx_word' id='word_1_141' title='bbox 363 2367 631 2426; x_wconf 81' lang='lat' dir='ltr'>inimicos</span> <span class='ocrx_word' id='word_1_142' title='bbox 655 2386 668 2425; x_wconf 77' lang='lat' dir='ltr'>t</span> <span class='ocrx_word' id='word_1_143' title='bbox 1906 2368 1909 2370; x_wconf 76' lang='grc'><strong>’</strong></span> 
     </span>
     <span class='ocr_line' id='line_1_24' title="bbox 460 2480 1475 2540; baseline -0.001 -14"><span class='ocrx_word' id='word_1_144' title='bbox 460 2481 581 2528; x_wconf 79' lang='grc' dir='ltr'>ὅσσα</span> <span class='ocrx_word' id='word_1_145' title='bbox 601 2481 648 2527; x_wconf 80' lang='grc' dir='ltr'>δὲ</span> <span class='ocrx_word' id='word_1_146' title='bbox 666 2480 725 2539; x_wconf 82' lang='grc' dir='ltr'>μὴ</span> <span class='ocrx_word' id='word_1_147' title='bbox 745 2480 961 2540; x_wconf 75' lang='grc' dir='ltr'>πεφίληκε</span> <span class='ocrx_word' id='word_1_148' title='bbox 982 2481 1098 2535; x_wconf 76' lang='grc' dir='ltr'>Ζεὺς,</span> <span class='ocrx_word' id='word_1_149' title='bbox 1120 2480 1343 2537; x_wconf 77' lang='grc' dir='ltr'>ἆτυζόνται</span> <span class='ocrx_word' id='word_1_150' title='bbox 1362 2480 1475 2534; x_wconf 80' lang='grc' dir='ltr'>βόαν</span> 
     </span>
     <span class='ocr_line' id='line_1_25' title="bbox 460 2552 1722 2613; baseline 0 -15"><span class='ocrx_word' id='word_1_151' title='bbox 460 2554 675 2613; x_wconf 77' lang='grc' dir='ltr'>Πιερίδων</span> <span class='ocrx_word' id='word_1_152' title='bbox 694 2553 855 2606; x_wconf 81' lang='grc' dir='ltr'>ἀΐοντα,</span> <span class='ocrx_word' id='word_1_153' title='bbox 876 2557 958 2612; x_wconf 79' lang='grc' dir='ltr'>γᾶν</span> <span class='ocrx_word' id='word_1_154' title='bbox 977 2572 1023 2598; x_wconf 84' lang='grc' dir='ltr'>τε</span> <span class='ocrx_word' id='word_1_155' title='bbox 1045 2553 1114 2598; x_wconf 77' lang='grc' dir='ltr'>καὶ</span> <span class='ocrx_word' id='word_1_156' title='bbox 1132 2557 1292 2599; x_wconf 82' lang='grc' dir='ltr'>πόντον</span> <span class='ocrx_word' id='word_1_157' title='bbox 1311 2553 1400 2598; x_wconf 80' lang='grc' dir='ltr'>κατ’</span> <span class='ocrx_word' id='word_1_158' title='bbox 1423 2552 1722 2610; x_wconf 73' lang='grc' dir='ltr'>ἀμαιμάκετον,</span> 
     </span>
     <span class='ocr_line' id='line_1_26' title="bbox 461 2624 1510 2686; baseline 0.003 -17"><span class='ocrx_word' id='word_1_159' title='bbox 461 2625 509 2672; x_wconf 71' lang='grc' dir='ltr'>ὅς</span> <span class='ocrx_word' id='word_1_160' title='bbox 528 2624 563 2671; x_wconf 74' lang='grc' dir='ltr'>τ’</span> <span class='ocrx_word' id='word_1_161' title='bbox 587 2627 632 2671; x_wconf 84' lang='grc' dir='ltr'>ἐν</span> <span class='ocrx_word' id='word_1_162' title='bbox 653 2625 745 2684; x_wconf 72' lang='grc' dir='ltr'>αἰνᾷ</span> <span class='ocrx_word' id='word_1_163' title='bbox 766 2628 971 2686; x_wconf 81' lang='grc' dir='ltr'>Ταρτάρῳ</span> <span class='ocrx_word' id='word_1_164' title='bbox 991 2629 1139 2679; x_wconf 78' lang='grc' dir='ltr'>κεῖται,</span> <span class='ocrx_word' id='word_1_165' title='bbox 1161 2627 1270 2672; x_wconf 79' lang='grc' dir='ltr'>θεῶν</span> <span class='ocrx_word' id='word_1_166' title='bbox 1288 2626 1510 2683; x_wconf 47' lang='lat' dir='ltr'>volentos,</span> 
     </span>
     <span class='ocr_line' id='line_1_27' title="bbox 460 2697 1037 2758; baseline 0.002 -17"><span class='ocrx_word' id='word_1_167' title='bbox 460 2697 618 2758; x_wconf 73' lang='grc' dir='ltr'>Τῦφως</span> <span class='ocrx_word' id='word_1_168' title='bbox 638 2700 1037 2756; x_wconf 73' lang='grc' dir='ltr'>ἑκατοντακάρανος.</span> 
     </span>
    </p>

    <p class='ocr_par' dir='ltr' id='par_1_6' title="bbox 171 2798 1925 3456">
     <span class='ocr_line' id='line_1_28' title="bbox 253 2798 1922 2878; baseline 0.001 -20"><span class='ocrx_word' id='word_1_169' title='bbox 253 2798 348 2859; x_wconf 89' lang='lat' dir='ltr'>Ac</span> <span class='ocrx_word' id='word_1_170' title='bbox 386 2820 461 2858; x_wconf 90' lang='lat' dir='ltr'>ne</span> <span class='ocrx_word' id='word_1_171' title='bbox 498 2801 594 2859; x_wconf 88' lang='lat' dir='ltr'>cui</span> <span class='ocrx_word' id='word_1_172' title='bbox 634 2801 899 2878; x_wconf 84' lang='lat' dir='ltr'>frigidius</span> <span class='ocrx_word' id='word_1_173' title='bbox 943 2801 1150 2859; x_wconf 86' lang='lat' dir='ltr'>fecisse</span> <span class='ocrx_word' id='word_1_174' title='bbox 1188 2801 1407 2872; x_wconf 82' lang='lat' dir='ltr'>videar,</span> <span class='ocrx_word' id='word_1_175' title='bbox 1445 2799 1602 2877; x_wconf 91' lang='lat' dir='ltr'>quod</span> <span class='ocrx_word' id='word_1_176' title='bbox 1648 2800 1709 2858; x_wconf 86' lang='lat' dir='ltr'>in</span> <span class='ocrx_word' id='word_1_177' title='bbox 1753 2807 1922 2860; x_wconf 85' lang='lat' dir='ltr'>tanto</span> 
     </span>
     <span class='ocr_line' id='line_1_29' title="bbox 171 2896 1924 2974; baseline 0.001 -19"><span class='ocrx_word' id='word_1_178' title='bbox 171 2897 501 2955; x_wconf 81' lang='lat' dir='ltr'>ardentium</span> <span class='ocrx_word' id='word_1_179' title='bbox 520 2897 833 2956; x_wconf 87' lang='lat' dir='ltr'>verborum</span> <span class='ocrx_word' id='word_1_180' title='bbox 857 2896 1166 2974; x_wconf 84' lang='lat' dir='ltr'>splendore</span> <span class='ocrx_word' id='word_1_181' title='bbox 1185 2916 1507 2974; x_wconf 77' lang='lat' dir='ltr'>quaererem</span> <span class='ocrx_word' id='word_1_182' title='bbox 1527 2897 1734 2955; x_wconf 86' lang='lat' dir='ltr'>Poetae</span> <span class='ocrx_word' id='word_1_183' title='bbox 1758 2898 1924 2956; x_wconf 87' lang='lat' dir='ltr'>velut</span> 
     </span>
     <span class='ocr_line' id='line_1_30' title="bbox 171 2992 1925 3072; baseline 0.001 -21"><span class='ocrx_word' id='word_1_184' title='bbox 171 2992 633 3071; x_wconf 77' lang='lat' dir='ltr'>philosophantis</span> <span class='ocrx_word' id='word_1_185' title='bbox 663 2993 1008 3063; x_wconf 84' lang='lat' dir='ltr'>consilium3</span> <span class='ocrx_word' id='word_1_186' title='bbox 1053 3012 1172 3051; x_wconf 92' lang='lat' dir='ltr'>non</span> <span class='ocrx_word' id='word_1_187' title='bbox 1203 2994 1478 3070; x_wconf 87' lang='lat' dir='ltr'>equidem</span> <span class='ocrx_word' id='word_1_188' title='bbox 1524 2994 1793 3072; x_wconf 85' lang='lat' dir='ltr'>intelligo</span> <span class='ocrx_word' id='word_1_189' title='bbox 1823 3013 1925 3071; x_wconf 85' lang='lat' dir='ltr'>pa·</span> 
     </span>
     <span class='ocr_line' id='line_1_31' title="bbox 173 3088 1924 3167; baseline 0.001 -21"><span class='ocrx_word' id='word_1_190' title='bbox 173 3097 298 3147; x_wconf 86' lang='lat' dir='ltr'>rata</span> <span class='ocrx_word' id='word_1_191' title='bbox 347 3109 484 3147; x_wconf 90' lang='lat' dir='ltr'>eum</span> <span class='ocrx_word' id='word_1_192' title='bbox 535 3090 730 3148; x_wconf 88' lang='lat' dir='ltr'>dicere</span> <span class='ocrx_word' id='word_1_193' title='bbox 780 3088 1049 3159; x_wconf 89' lang='lat' dir='ltr'>formula,</span> <span class='ocrx_word' id='word_1_194' title='bbox 1101 3090 1319 3167; x_wconf 90' lang='lat' dir='ltr'>quippe</span> <span class='ocrx_word' id='word_1_195' title='bbox 1369 3090 1680 3167; x_wconf 86' lang='lat' dir='ltr'>abreptum</span> <span class='ocrx_word' id='word_1_196' title='bbox 1735 3096 1805 3147; x_wconf 89' lang='lat' dir='ltr'>ut</span> <span class='ocrx_word' id='word_1_197' title='bbox 1855 3091 1924 3147; x_wconf 88' lang='lat' dir='ltr'>fit</span> 
     </span>
     <span class='ocr_line' id='line_1_32' title="bbox 174 3184 1924 3263; baseline 0.001 -22"><span class='ocrx_word' id='word_1_198' title='bbox 174 3193 316 3242; x_wconf 83' lang='lat' dir='ltr'>aestu</span> <span class='ocrx_word' id='word_1_199' title='bbox 351 3184 676 3243; x_wconf 87' lang='lat' dir='ltr'>fervidioris</span> <span class='ocrx_word' id='word_1_200' title='bbox 719 3184 958 3263; x_wconf 88' lang='lat' dir='ltr'>ingenii.</span> <span class='ocrx_word' id='word_1_201' title='bbox 1046 3185 1168 3243; x_wconf 81' lang='lat' dir='ltr'>Sed</span> <span class='ocrx_word' id='word_1_202' title='bbox 1207 3194 1407 3244; x_wconf 84' lang='lat' dir='ltr'>tamen</span> <span class='ocrx_word' id='word_1_203' title='bbox 1451 3187 1512 3243; x_wconf 90' lang='lat' dir='ltr'>in</span> <span class='ocrx_word' id='word_1_204' title='bbox 1555 3185 1658 3243; x_wconf 93' lang='lat' dir='ltr'>illo</span> <span class='ocrx_word' id='word_1_205' title='bbox 1688 3205 1924 3262; x_wconf 88' lang='lat' dir='ltr'>quoque</span> 
     </span>
     <span class='ocr_line' id='line_1_33' title="bbox 175 3278 1923 3358; baseline 0.003 -25"><span class='ocrx_word' id='word_1_206' title='bbox 175 3278 484 3336; x_wconf 84' lang='lat' dir='ltr'>verborum</span> <span class='ocrx_word' id='word_1_207' title='bbox 514 3286 576 3336; x_wconf 89' lang='lat' dir='ltr'>et</span> <span class='ocrx_word' id='word_1_208' title='bbox 606 3279 1036 3357; x_wconf 83' lang='lat' dir='ltr'>cogitationum</span> <span class='ocrx_word' id='word_1_209' title='bbox 1074 3280 1238 3356; x_wconf 84' lang='lat' dir='ltr'>quasi</span> <span class='ocrx_word' id='word_1_210' title='bbox 1282 3281 1548 3340; x_wconf 92' lang='lat' dir='ltr'>tumultu</span> <span class='ocrx_word' id='word_1_211' title='bbox 1592 3282 1923 3358; x_wconf 87' lang='lat' dir='ltr'>putandum</span> 
     </span>
     <span class='ocr_line' id='line_1_34' title="bbox 175 3373 1923 3456; baseline 0.002 -25"><span class='ocrx_word' id='word_1_212' title='bbox 175 3380 290 3430; x_wconf 87' lang='lat' dir='ltr'>est.</span> <span class='ocrx_word' id='word_1_213' title='bbox 321 3374 558 3432; x_wconf 83' lang='lat' dir='ltr'>subesse</span> <span class='ocrx_word' id='word_1_214' title='bbox 615 3393 853 3433; x_wconf 88' lang='lat' dir='ltr'>sensum</span> <span class='ocrx_word' id='word_1_215' title='bbox 916 3376 1175 3452; x_wconf 84' lang='lat' dir='ltr'>aliquem</span> <span class='ocrx_word' id='word_1_216' title='bbox 1235 3373 1309 3435; x_wconf 91' lang='lat' dir='ltr'>de</span> <span class='ocrx_word' id='word_1_217' title='bbox 1375 3378 1753 3456; x_wconf 85' lang='lat' dir='ltr'>gravioribus,</span> <span class='ocrx_word' id='word_1_218' title='bbox 1805 3396 1923 3453; x_wconf 87' lang='lat' dir='ltr'>quo</span> 
     </span>
    </p>
   </div>
   <div class='ocr_carea' id='block_1_5' title="bbox 176 3472 1923 3548">
    <p class='ocr_par' dir='ltr' id='par_1_7' title="bbox 176 3472 1923 3548">
     <span class='ocr_line' id='line_1_35' title="bbox 176 3472 1923 3548; baseline 0.002 -23"><span class='ocrx_word' id='word_1_219' title='bbox 176 3475 454 3546; x_wconf 86' lang='lat' dir='ltr'>tanquam</span> <span class='ocrx_word' id='word_1_220' title='bbox 497 3472 756 3547; x_wconf 89' lang='lat' dir='ltr'>pondere</span> <span class='ocrx_word' id='word_1_221' title='bbox 792 3472 1066 3548; x_wconf 84' lang='lat' dir='ltr'>depressa</span> <span class='ocrx_word' id='word_1_222' title='bbox 1108 3473 1271 3530; x_wconf 83' lang='lat' dir='ltr'>navis</span> <span class='ocrx_word' id='word_1_223' title='bbox 1317 3474 1532 3531; x_wconf 87' lang='lat' dir='ltr'>fortem</span> <span class='ocrx_word' id='word_1_224' title='bbox 1576 3480 1923 3547; x_wconf 88' lang='lat' dir='ltr'>rectumque</span> 
     </span>
    </p>
   </div>
   <div class='ocr_carea' id='block_1_6' title="bbox 891 3639 1201 3697">
    <p class='ocr_par' dir='ltr' id='par_1_8' title="bbox 891 3639 1201 3697">
     <span class='ocr_line' id='line_1_36' title="bbox 891 3639 1201 3697; baseline 0.003 -14"><span class='ocrx_word' id='word_1_225' title='bbox 891 3646 906 3665; x_wconf 82' lang='lat'>⁸</span> <span class='ocrx_word' id='word_1_226' title='bbox 938 3639 1069 3697; x_wconf 69' lang='lat' dir='ltr'>Pyth.</span> <span class='ocrx_word' id='word_1_227' title='bbox 1097 3651 1135 3685; x_wconf 89' lang='lat'>1.</span> <span class='ocrx_word' id='word_1_228' title='bbox 1163 3653 1201 3684; x_wconf 85' lang='lat'>1.</span> 
     </span>
    </p>
   </div>
  </div>
 </body>
</html>
