2288 4036
189 304 343 337 prem„
363 303 545 334 xxxw.
588 284 860 335 Insaniam
879 281 1142 333 Poetioam
1166 290 1261 332 sud
1280 279 1457 349 qratia
1480 297 1578 331 non
1604 297 1789 331 carere.
1834 278 1941 336 689

179 430 403 504 jejunae
446 425 825 502 philosophiae
866 421 1584 487 documenta—AtomOS,
1617 420 1818 487 Inane,
1853 420 1943 478 Si-

191 524 465 590 mulacra,
492 519 1337 594 Indolentiam—-aperturbatae
1367 518 1584 574 mentis
1614 519 1943 574 remedium

191 619 480 695 quaerenti
517 616 892 675 satisfacere?
981 615 1201 671 Nonne
1237 614 1483 690 frigidus
1520 614 1645 688 ipse
1691 615 1943 669 evaserit

190 722 253 771 et
288 715 527 789 jejunus
570 722 807 769 necesse
843 715 950 777 est,
983 711 1077 767 cui
1115 711 1209 767 vel
1254 711 1570 767 somnianti
1614 711 1944 785 placuerint

189 810 516 867 istiusmodi
561 809 777 885 nugae?
823 809 1042 864 nedum
1085 814 1153 863 ut
1195 806 1402 863 solatio
1434 807 1570 874 sint,
1600 806 1943 882 gravissima

189 925 328 963 cura
357 912 418 962 et
449 905 648 961 dolore
680 904 1016 962 confectis?

273 1001 487 1058 Fateor
516 1001 813 1076 profecto:
857 1007 918 1056 at
942 1001 1155 1065 videte,
1181 1000 1438 1066 obsecrO,
1463 1018 1536 1055 an
1568 998 1682 1055 alia
1711 1014 1945 1073 prorsus

193 1091 454 1156 Lucretii
499 1098 682 1154 nostri
727 1098 802 1154 sit
847 1116 1038 1153 causa.
1128 1096 1192 1153 Si
1224 1115 1361 1153 vera
1397 1095 1471 1151 de
1508 1115 1578 1152 eo
1619 1102 1945 1160 narrantur,

191 1196 536 1254 crediderim
584 1195 639 1250 ei
682 1214 800 1251 non
846 1195 1033 1250 invito
1078 1195 1138 1249 in
1185 1200 1449 1250 mentem
1500 1193 1729 1248 venisse
1774 1207 1947 1247 mun-

194 1295 298 1351 dos
354 1292 484 1348 illos
547 1290 807 1348 infinitos
865 1298 925 1348 et
985 1307 1186 1347 cursus
1245 1297 1598 1356 atomorum,
1658 1289 1946 1364 quaerenti

194 1389 469 1447 videlicet
501 1407 617 1444 non
651 1388 923 1445 stabilem
957 1406 1272 1461 veramque
1304 1385 1813 1460 tranquillitatem,
1846 1386 1945 1441 sed

192 1507 261 1544 ea
290 1486 506 1562 potius,
534 1505 664 1560 quae
695 1504 798 1560 per
827 1483 1139 1541 intervalla
1181 1482 1370 1539 morbi
1406 1489 1645 1557 possent
1675 1482 1948 1538 levamen

192 1604 296 1660 pro
354 1590 619 1657 tempore
677 1580 899 1646 afferre,
959 1580 1219 1637 mulcere
1279 1598 1461 1645 curas,
1523 1597 1624 1654 spe
1681 1579 1948 1653 quamvis

193 1680 357 1736 tenui
401 1679 615 1735 fovere.-
706 1677 910 1736 Verbo
957 1678 1182 1734 dicam:
1235 1675 1410 1733 aliam
1455 1695 1688 1751 prorsus
1732 1675 1951 1731 intelli-

194 1776 386 1852 gimus
415 1773 743 1831 Democriti
775 1781 836 1829 et
869 1773 1109 1848 Epicuri
1150 1772 1402 1847 culpam,
1435 1773 1618 1839 siccis,
1659 1778 1727 1840 ut
1767 1771 1948 1838 aiunt,-

196 1872 378 1929 oculis
429 1869 959 1945 contemplantium
1012 1869 1273 1926 sterilem
1320 1868 1482 1947 illam
1531 1876 1592 1925 et
1638 1868 1950 1924 informem

196 1970 420 2036 mundi,
437 1976 651 2044 negata
668 1966 918 2044 προνοίᾳ,
934 1985 1167 2023 scenam
1185 1986 1199 2035 ;
1231 1966 1405 2023 aliam
1429 1966 1680 2022 turbatae
1700 1972 1760 2021 et
1780 1984 1951 2041 aegrae

199 2067 430 2133 mentis,
479 2073 743 2122 cessante
787 2064 860 2120 ad
907 2071 1144 2138 tempus
1195 2062 1368 2129 malo,
1415 2062 1731 2137 tranquilla
1774 2063 1951 2118 modo

199 2162 386 2238 spatia
428 2160 538 2217 sibi
586 2159 933 2235 indagantis,
974 2177 1048 2214 ne
1096 2158 1247 2214 forte
1293 2156 1466 2213 solito
1513 2156 1687 2212 citius
1735 2157 1949 2212 iterum

201 2261 274 2316 de
304 2266 462 2316 statu
493 2271 597 2314 suo
629 2254 954 2331 dejiciatur.

287 2355 426 2412 Jam
462 2360 662 2410 autem
701 2351 795 2407 vel
836 2351 996 2407 hisce
1028 2349 1120 2406 vel
1165 2349 1292 2406 aliis
1333 2350 1407 2405 de
1448 2346 1636 2405 causis
1681 2347 1956 2424 mitigato

199 2452 383 2510 semel
431 2449 657 2526 judicio
709 2449 782 2504 de
832 2447 1189 2503 Lucretiana
1235 2465 1373 2522 erga
1419 2445 1581 2501 Deos
1626 2445 1953 2511 insolentia,

202 2547 521 2604 videndum
565 2564 638 2601 an
676 2544 828 2600 forte
862 2542 1078 2599 habeat
1109 2541 1330 2616 aliquid
1361 2543 1550 2616 ipsum
1597 2540 1761 2607 illud,
1796 2540 1959 2597 Insa-

201 2646 343 2710 nire,
384 2642 540 2718 quod
587 2641 825 2715 arripiat
871 2646 1102 2709 mentes
1152 2638 1478 2705 hominum,
1518 2644 1579 2694 et
1618 2638 1678 2693 in
1724 2645 1960 2712 tempus
2010 2627 2013 2630 ’

203 2742 481 2805 detineat,
522 2746 803 2813 tanquam
833 2735 1178 2811 Tragoedias,
1214 2741 1383 2811 grato
1424 2735 1678 2808 quodam
1721 2740 1958 2799 terrore,

203 2838 479 2894 intentos.
568 2834 903 2891 Pendemus
943 2832 1217 2888 videlicet
1262 2832 1336 2888 ab
1373 2830 1790 2888 insanientium
1840 2850 1957 2896 ore,

208 2934 415 2990 incerti
460 2932 601 3007 quid
646 2929 875 3006 singula
922 2928 1220 3002 proferant
1266 2934 1586 2984 momenta.
1675 2927 1960 2995 Quamvis

205 3035 404 3085 autem
436 3029 496 3084 in
528 3047 589 3084 re
620 3046 686 3083 ac
719 3026 968 3082 veritate
1011 3023 1336 3098 periculosa
1364 3024 1440 3079 sit
1471 3042 1541 3079 ea
1571 3024 1863 3080 dubitatio
1894 3043 1961 3080 ac

206 3124 470 3191 molesta,
502 3125 561 3180 in
592 3142 767 3180 scena
798 3128 998 3193 tamen
1029 3127 1208 3193 atque
1248 3120 1310 3175 in
1352 3119 1534 3176 literis
1565 3119 1962 3176 delectatione

207 3240 313 3277 sua
338 3240 456 3277 non
487 3227 676 3277 caret:
727 3218 901 3293 plane
932 3217 1084 3273 sicut
1113 3216 1269 3290 apud
1300 3215 1611 3273 histriones
1642 3216 1963 3273 toleramus

209 3317 482 3383 facinora,
513 3315 752 3391 flagitia,
785 3313 997 3380 caedeS,
1028 3318 1239 3386 pestes,
1270 3312 1552 3368 immania
1591 3312 1804 3379 omnia,
1838 3331 1964 3386 quae

208 3410 355 3466 nihil
391 3428 650 3484 unquam
695 3409 756 3463 in
790 3407 914 3463 vita
955 3407 1274 3481 promereri
1321 3407 1431 3463 sibi
1474 3409 1717 3483 possint,
1750 3415 1967 3482 praeter

210 3515 381 3563 atrox
426 3513 488 3562 et
530 3504 780 3580 capitale
827 3503 1044 3559 odium.
1135 3502 1294 3560 Hinc
1335 3503 1437 3559 illa
1475 3504 1631 3579 apud
1673 3502 1969 3577 Shakspe-

215 3621 344 3657 rum
374 3620 530 3658 nunc
560 3601 742 3675 patris
774 3599 1011 3674 indigne
1043 3599 1305 3667 mulcati,
1328 3619 1484 3656 nunc
1508 3600 1745 3682 virginis
1769 3616 1967 3655 amore

1049 3712 1157 3771 Yy
