2288 4036
319 204 429 259 600
653 193 916 259 Mulieres·
934 206 993 258 in
1018 204 1288 277 Eumpzde
1295 206 1468 276 facile
1493 207 1710 260 mutari.
1787 223 1948 258 PRAEL.
1970 223 2125 258 xxix,

622 351 763 410 φίλας
782 350 967 410 χαρίτας
987 349 1127 394 ἔδωκα
1149 349 1483 408 κάντεδεξάμην.

622 427 759 484 λόγος
781 423 817 468 δ’
842 426 867 468 ὁ
887 423 968 481 μὲν
990 425 1073 470 σὸς
1092 422 1146 480 ἦν
1166 422 1247 468 ὅδ’·
1278 422 1363 482 ἆρά
1385 424 1446 478 σ’,
1469 424 1503 470 ὦ
1525 425 1691 479 τέκνον,

623 500 880 557 εὐδαιμόνος
901 498 1060 558 ἀνδρὸς
1081 498 1127 543 ἐν
1148 499 1354 556 δόμοισιν
1374 498 1546 558 ὄψομαι

623 573 770 628 ζῶσάν
790 591 838 618 τε
861 573 931 616 καὶ
952 571 1214 617 θάλλουσαν
1233 570 1366 631 ἀξίως
1387 573 1520 630 ἐμοῦς

624 648 758 704 οὑμὸς
779 645 817 690 δ’
840 644 905 690 ὅδ’
927 644 981 702 ἧν
1001 645 1070 699 αὖ,
1091 646 1194 704 περὶ
1216 647 1301 691 σὸν
1321 647 1623 706 ἐξαρτωμένης

623 719 806 780 γένειον,
829 718 881 764 οὗ
903 721 980 764 νῦν
999 719 1283 778 ἀντιλαζύμαι
1304 721 1420 778 χερί·

622 794 665 839 τί
687 793 724 838 δ’
749 792 819 853 ἆρ’
841 794 927 853 ἐγώ
951 813 1006 839 σε
1027 793 1232 852 πρέσβυν
1244 812 1258 847 ;
1292 792 1360 852 ἆρ’
1383 794 1641 853 εἰσδέξομαι

624 867 740 926 ἐμῶν
759 867 971 927 φίλαισιν
990 868 1234 927 ὑποδοχαῖς
1255 868 1416 926 δόμων,
1438 869 1595 927 πάτερ,

622 943 769 989 πόνων
788 941 989 999 τιθηνοὺς
1008 941 1286 987 ἀποδιδοῦσά
1308 961 1384 988 σοι
1404 944 1577 1002 τροφάς
1593 961 1608 996 ;

623 1015 791 1062 τούτων
812 1016 899 1075 ἐγὼ
920 1017 1003 1075 μὲν
1020 1021 1108 1062 τῶν
1127 1019 1275 1077 λόγων
1295 1017 1466 1076 μνημὴν
1485 1019 1590 1077 ἔχω,

625 1092 684 1137 σὺ
706 1090 742 1136 δ’
767 1091 1050 1149 ἐπιλέλησαι,
1071 1091 1144 1136 καί
1163 1090 1205 1149 μ’
1229 1091 1479 1137 ἀποκτεῖναι
1501 1092 1664 1140 θέλεις.

322 1195 442 1255 Sed
477 1196 621 1272 quid
654 1195 903 1254 tandem
933 1196 1041 1254 fiet
1070 1197 1187 1254 ista
1217 1195 1527 1255 clausula?

625 1305 671 1352 ἓν
692 1308 976 1364 συντεμοῦσα
995 1307 1137 1352 πάντα
1158 1305 1322 1364 νικήσω
1343 1309 1497 1367 λόγον’

623 1381 674 1426 τὸ
696 1382 795 1440 φῶς
816 1379 907 1425 τόδ’
930 1380 1232 1439 ἀνθρώποισιν
1250 1380 1435 1439 ἥδιστον
1453 1380 1656 1435 βλέπειν·

625 1456 679 1500 τὰ
701 1454 826 1514 νέρθε
850 1453 886 1500 δ’
910 1454 1053 1500 οὐδέν·
1085 1455 1283 1514 μαίνεται
1305 1454 1343 1500 δ’
1366 1454 1414 1502 ὃς
1435 1455 1610 1514 εὐχέται

624 1529 784 1575 θανεῖν·
819 1533 958 1576 κακῶς
980 1531 1056 1587 ζῆν
1078 1532 1292 1589 κρεῖσσον
1312 1529 1338 1587 ἢ
1361 1529 1508 1575 θανεῖν
1529 1532 1687 1578 καλῶς.

324 1636 530 1701 Nimis
560 1634 676 1696 hoc
707 1634 951 1711 quidem
988 1634 1204 1713 frigide
1242 1642 1305 1692 et
1341 1634 1583 1712 inepte:
1632 1635 1743 1693 nisi
1778 1655 1937 1704 vem,
1969 1636 2131 1713 quod

321 1736 504 1793 modo
558 1734 889 1803 ominabar,
936 1740 1223 1811 putamus
1268 1732 1652 1812 Iphigeniam
1704 1742 1908 1812 partes
1954 1754 2134 1814 agere

321 1856 443 1901 non
485 1853 638 1904 suae,
668 1822 868 1919 neque
913 1834 1066 1893 adeo
1108 1843 1276 1893 certo
1318 1835 1486 1902 scire,
1520 1835 1665 1912 quid
1697 1854 1938 1913 quoque
1979 1843 2135 1895 tem-

323 1954 470 2012 pore
500 1955 535 1993 a
566 1954 630 1993 se
662 1935 779 1993 dici
813 1940 1112 2013 oporteat.

411 2033 649 2094 Verum
693 2035 1020 2104 enimvero,
1058 2042 1128 2093 ut
1170 2037 1591 2105 concedamuS,
1626 2055 1747 2094 non
1788 2036 1946 2096 bene
1990 2057 2132 2096 con-

325 2134 530 2194 venire
569 2141 847 2193 extrema
883 2135 1013 2212 ejus
1053 2154 1195 2193 cum
1233 2135 1456 2205 initiis3
1501 2155 1650 2193 num
1681 2155 1746 2194 re
1777 2155 1847 2194 ac
1879 2137 2136 2195 veritate

325 2253 565 2311 semper
600 2233 710 2292 sibi
755 2234 1145 2295 consenti-une
1188 2233 1510 2299 homines?
1601 2234 1828 2293 Nonne
1868 2236 2138 2295 minimis

327 2353 483 2411 saepe
510 2334 839 2392 momentis
869 2333 990 2392 huc
1023 2333 1168 2392 illuc
1197 2333 1605 2411 impelluntur
1629 2335 1835 2405 animi,
1855 2336 2138 2395 maximis

327 2433 390 2491 in
436 2432 656 2492 rebus?
739 2432 897 2491 Cum
943 2441 1151 2492 autem
1196 2433 1462 2492 noluerit
1494 2433 1815 2512 Euripi-des
1859 2435 2138 2494 addicere

329 2552 394 2592 se
445 2552 653 2591 eorum
718 2540 916 2601 sectae,
971 2533 1072 2610 qui
1134 2552 1417 2610 personas
1476 2534 1809 2611 primorum
1871 2535 2135 2612 partium

331 2632 527 2691 efferri
548 2632 772 2710 jubent
802 2632 964 2692 ultra
991 2633 1326 2692 humanum
1360 2634 1629 2703 modum,
1658 2634 1947 2693 credibile
1978 2654 2138 2704 sane,

332 2732 614 2791 consulto
648 2751 791 2790 eum
834 2732 1066 2802 fecisse,
1097 2739 1169 2791 ut
1208 2732 1528 2812 Iphigenia
1559 2754 1801 2811 quoque
1839 2753 1946 2793 sua
1976 2735 2140 2793 varia

334 2838 493 2890 esset
516 2838 581 2890 et
613 2831 940 2890 mutabilis,
1033 2831 1317 2890 Profecto
1347 2852 1469 2890 non
1510 2832 1629 2891 alia
1656 2834 1849 2912 magis
1880 2833 1977 2892 via
2007 2841 2142 2892 tue-

334 2931 515 2990 batur
559 2931 637 3000 id,
670 2950 791 3009 quo
827 2930 978 2989 nihi-l
1023 2931 1288 2995 habebat
1334 2932 1656 3009 antiquina
1689 2932 1945 2991 formam
1977 2933 2141 2991 vide-

336 3029 482 3089 licet
512 3031 705 3109 ipsam
738 3030 1078 3108 faciemque
1108 3050 1308 3090 rerum
1342 3039 1526 3109 atque
1568 3030 1901 3102 hominum,
1935 3032 2142 3110 quales

337 3129 499 3188 inter
528 3129 800 3206 quotidie
833 3148 1140 3189 versamur
1176 3149 1404 3189 omnes.
1495 3128 1861 3189 Hermiones
1906 3125 2035 3207 ejus
2078 3131 2142 3189 in

339 3227 774 3287 Andromache
814 3247 935 3285 non
982 3247 1221 3304 prorsus
1257 3228 1470 3287 eadem
1501 3236 1594 3286 est
1630 3228 1818 3294 ratio:
1865 3228 2143 3287 leviculae

340 3327 573 3387 scilicet
591 3326 878 3395 mulieris,
889 3346 1142 3404 quaeque
1162 3327 1356 3405 primo
1375 3328 1438 3384 in
1462 3346 1704 3385 scenam
1723 3327 1904 3392 missa
1921 3329 2148 3407 signifi-

342 3427 585 3499 caverit,
618 3426 750 3504 capi
782 3446 845 3485 se
875 3444 1049 3505 posse
1079 3445 1458 3505 gemmarum
1490 3433 1553 3484 et
1580 3427 1838 3493 vestium
1869 3427 2065 3491 nitore
2084 3435 2149 3491 οι,

647 3547 816 3603 κόσμον
835 3545 915 3602 μὲν
935 3544 1054 3603 ἀμφὶ
1075 3544 1200 3603 κρατὶ
1221 3543 1418 3602 χρυσέας
1438 3544 1598 3613 χλιδῆς

1087 3674 1107 3697 e
1128 3666 1272 3712 Andr.
1301 3679 1405 3727 147..
