2288 4036
128 237 282 273 pam„
304 238 449 271 xxw.
516 218 814 271 Pindarmn
841 218 1119 272 certamina
1143 225 1400 288 emporium
1423 219 1624 272 novisse.
1775 223 1876 273 481

126 363 385 421 vincenti
430 358 781 439 gratulatUS,
819 369 996 421 acute
1041 363 1237 440 tangit
1274 364 1537 439 proprias
1581 362 1880 421 Pancratii

123 457 358 518 laudes:
405 458 611 534 prim0,
651 457 809 533 quod
852 464 946 515 tot
990 458 1288 516 devicerat
1330 458 1433 516 ille
1470 457 1746 526 -athletaS‚
1790 459 1881 515 in-

122 562 399 633 gruentes
426 554 606 612 alium
638 572 814 629 super
843 554 993 612 alio:
1040 555 1199 630 quod
1237 573 1424 631 genus
1452 552 1677 635 ἕφεδροι
1707 574 1878 612 voca-

122 650 337 710 bantur
355 661 408 708 ⁰:

473 748 556 789 τῶν
576 744 816 801 ἀπειράτων
835 744 920 802 γὰρ
942 743 1159 802 ἄγνωστοι
1181 744 1355 790 σιωπαί·

472 816 593 860 ἔστιν
614 814 650 860 δ’
672 815 856 874 ἀφάνεια
875 812 1010 874 τύχας
1030 816 1099 860 καὶ
1118 816 1406 875 μαρναμένων,

470 888 574 945 πρὶν
593 887 720 933 τέλος
740 886 870 945 ἄκρον
891 887 1074 932 ἱκέσθαι·

472 963 557 1003 τῶν
576 977 623 1003 τε
642 959 727 1018 γὰρ
749 959 818 1003 καὶ
839 963 924 1003 τῶν
945 959 1070 1003 διδοῖ·

473 1032 541 1074 καὶ
562 1029 764 1089 κρέσσον’
787 1030 954 1088 ἀνδρῶν
971 1033 1180 1088 χειρόνων

470 1103 644 1162 ἔσφαλε
664 1103 795 1161 τέχνα
815 1102 1157 1161 καταμάρψαισ’.

120 1194 313 1254 Addit
343 1198 554 1257 deinde
583 1197 731 1257 illud
761 1206 896 1276 post
935 1199 1132 1275 pau10,
1165 1199 1515 1275 exquisitius
1545 1200 1769 1258 dictum
1803 1199 1877 1258 de

121 1293 328 1350 eodem
361 1297 713 1353 certamine:

471 1409 612 1465 τολμᾷ
632 1409 716 1466 γὰρ
738 1408 858 1453 εἰκὼς

471 1479 606 1537 θυμον
626 1480 904 1538 ἐριβρεμετᾶν
925 1481 1034 1538 θηρᾷ
1054 1482 1242 1525 λεόντων

472 1551 518 1596 ἐν
536 1553 668 1612 πόνῳ·
700 1554 825 1609 μῆτιν
846 1551 882 1597 δ’
905 1552 1099 1609 ἀλώπηξ,
1117 1553 1260 1598 ale-rofi
1280 1551 1307 1596 ἅ
1327 1548 1362 1597 τ’
1386 1553 1694 1611 ἀναπιτναμένα
1713 1550 1880 1612 ῥόμβον

525 1622 660 1681 ἵσχει.

467 1697 552 1754 χρῆ
575 1696 621 1739 δὲ
641 1694 926 1753 πᾶν”ἕρδοντα
946 1700 1173 1754 μαυρῶσαι
1193 1697 1269 1741 τὸν
1290 1696 1461 1755 ἐχθρόν·

468 1768 518 1811 οὐ
538 1769 623 1826 γὰρ
646 1767 785 1826 φύσιν
804 1767 1080 1827 Ὠαριωνείαν
1099 1769 1275 1827 ἔλαχεν,

471 1840 570 1884 ἀλλ’
594 1841 743 1887 ὀνοτὸς
761 1841 840 1898 μὲν
861 1841 1044 1894 ἰδέσθαι,

470 1915 711 1969 συμπεσεῖν
733 1911 770 1956 δ’
792 1912 903 1971 ἀκμᾷ
923 1910 1074 1972 βαρύς.

122 2010 375 2082 Videtis,
399 2021 572 2072 acute
603 2034 859 2091 vereque
895 2015 1060 2093 tangi
1090 2023 1288 2074 motus
1316 2016 1612 2092 palaestrae
1643 2024 1705 2074 et
1734 2016 1881 2074 flex-

116 2107 279 2167 iones
308 2118 562 2179 artnnm,
592 2127 927 2187 puerorum,
952 2119 1022 2168 ut
1054 2112 1141 2180 fit,
1172 2111 1505 2168 ludentium
1538 2113 1879 2181 similiores3

118 2206 203 2263 ita
231 2213 431 2264 tamen
472 2214 541 2264 ut
585 2227 794 2283 pamm
827 2209 900 2266 de
932 2208 1096 2285 lyrici
1129 2210 1404 2266 carminis
1435 2209 1748 2266 severitate
1780 2210 1881 2266 de-

117 2304 433 2360 minuatur.
521 2302 820 2362 Sexcenta
849 2304 965 2362 alia
1001 2305 1264 2380 proferre
1291 2306 1526 2381 possim,
1557 2325 1686 2380 quae
1717 2305 1875 2363 aliud

115 2401 344 2476 agendo
384 2401 729 2476 scriptorem
766 2401 1069 2459 declarant
1113 2400 1389 2458 ludorum
1435 2403 1701 2458 omnium
1732 2421 1878 2477 quos

115 2494 451 2552 celebrabat
521 2515 714 2571 neque
784 2496 1190 2572 negligentem
1257 2514 1452 2572 neque
1514 2497 1875 2571 imperitum.

114 2590 300 2649 Velut
329 2593 431 2649 ubi
461 2591 663 2650 laudat
694 2591 1021 2649 Hieronem
1052 2610 1226 2649 cursu
1258 2593 1563 2658 victorem,
1595 2593 1754 2667 quod
1775 2590 1801 2628 ‘¹

407 2718 687 2777 ἀγαναῖσιν
711 2719 757 2763 ἐν
776 2719 908 2778 χερσὶ
928 2719 1223 2766 ποικιλανίους
1244 2719 1469 2777 ἐδάμασσε
1489 2721 1678 2764 πώλους.

118 2817 316 2875 Etiam
345 2820 448 2876 ubi
476 2826 724 2895 patrono
755 2821 1133 2878 commendat
1163 2822 1428 2898 aurigam
1448 2830 1471 2856 θ
1494 2841 1506 2878 :

943 2935 1019 2978 οὐκ
1040 2934 1238 2993 ἐμέμφθη

468 3002 733 3062 ῥυσίδιφρον
752 3007 877 3063 χεῖρα
897 3005 1166 3062 πλαξίπποιο
1187 3008 1349 3064 φῶτος,

465 3076 542 3119 τὰν
563 3077 809 3134 Νικόμαχος
830 3077 936 3121 κατὰ
957 3080 1105 3135 καῖρον
1124 3076 1241 3135 νωμ’
1274 3077 1507 3124 ἁπάσαις
1536 3078 1716 3124 ἁνίαις.

118 3171 259 3231 Non
303 3176 426 3232 sine
469 3177 697 3233 curiosa
737 3178 990 3252 quadam
1035 3179 1323 3236 felicitate
1367 3180 1571 3236 docuit
1614 3179 1874 3236 habenas

116 3289 234 3327 non
264 3276 388 3328 tam
417 3270 577 3328 flecti
609 3290 786 3346 quam
815 3274 998 3330 tacite
1032 3293 1100 3331 ac
1136 3276 1354 3333 sensim
1385 3275 1566 3334 fluere
1597 3277 1878 3351 quodam-

116 3367 308 3432 mod0‚
341 3365 458 3424 leni
489 3367 715 3424 dextrae
746 3368 1244 3445 obtemperantes.

233 3556 254 3578 c
275 3549 423 3593 Istkm.
446 3564 487 3607 3.
511 3562 582 3605 51.
836 3552 859 3581 ‘¹
881 3553 1012 3608 Pyth..
1038 3567 1078 3595 2.
1107 3568 1174 3607 14.
1417 3561 1431 3578 ‘
1452 3555 1599 3597 Isthm.
1626 3568 1664 3596 2.
1687 3568 1759 3610 31.

959 3645 978 3681 I
1010 3648 1028 3682 1
