2288 4036
340 156 449 212 492
723 155 912 206 Poetae
936 151 1141 204 obscuro
1166 167 1343 203 rerwm
1367 167 1502 202 πείσει
1513 149 1719 219 juvari.
1823 169 1988 203 PRAEL.
2013 171 2141 204 xxv,

344 302 626 359 videntur
669 301 829 358 inter
859 318 931 357 rse
977 297 1198 367 omnia,
1231 316 1362 374 quae
1401 298 1682 374 cuiquam
1729 303 2001 356 nostrum
2040 297 2148 356 ali-

342 419 461 476 quo
504 406 779 475 tempore
820 416 925 455 seu
960 396 1236 453 venerint
1274 415 1380 454 seu
1412 403 1667 454 ventura
1707 396 1827 454 sint
1872 397 1934 453 in
1978 415 2149 455 men-

343 506 488 555 tem.
584 495 760 554 Nihil
792 501 903 563 est,
936 493 1098 569 quod
1129 493 1192 551 in
1225 513 1297 552 ea
1327 495 1480 553 serie
1510 500 1712 552 careat
1757 513 1996 570 prorsus
2041 514 2149 553 sua

345 596 403 652 vi
448 614 518 653 ac
565 594 718 651 loc0.
811 592 965 650 Eam
997 591 1100 668 qui
1146 590 1347 650 lucide
1392 612 1462 651 ac
1509 600 1808 670 potenter,
1842 594 2009 670 quasi
2045 593 2149 651 filo

342 695 407 751 in
451 692 730 751 manibus
775 691 938 760 dato,
978 689 1306 759 deducunt,
1340 691 1693 768 variantque
1712 711 1950 769 3—-quae
1994 711 2151 750 sem-

342 811 452 868 per
495 790 705 849 habita
747 794 841 847 est
878 788 1048 865 quasi
1078 789 1359 864 quaedam
1405 791 1787 868 prerogativa
1829 790 2035 868 magni
2079 810 2150 849 ac

344 890 654 948 divinioris
691 888 919 966 ingenii
940 887 1156 958 3—hos
1191 887 1343 946 nihil
1374 889 1535 965 quod
1567 890 1753 947 sciam
1785 896 1973 959 vetat,
2004 889 2151 966 quin

342 990 610 1047 minimis
657 988 846 1046 initiis
898 987 1303 1046 nobilissimos
1350 988 1685 1066 adjungant
1739 988 1983 1047 exitus:
2048 1007 2154 1046 ne-

344 1089 490 1146 dum
539 1087 780 1146 licuerit
827 1085 1084 1164 principi
1134 1086 1490 1164 Lyricorum
1536 1094 1794 1166 augusta
1841 1088 2045 1146 omnia
2089 1095 2153 1146 et

344 1194 723 1247 sacrosancta
746 1205 886 1245 cum
912 1184 1189 1263 palaestra
1212 1192 1276 1243 et
1301 1186 1496 1245 stadio
1521 1187 1906 1265 conjungere.
1962 1185 2153 1245 Plane

345 1287 502 1346 sicut
547 1287 720 1345 aiunt
751 1285 1124 1363 Philosophi,
1156 1285 1408 1344 minime
1440 1286 1685 1363 quidem
1731 1285 1820 1344 illi
1858 1285 2151 1365 vulgares,

346 1405 475 1445 esse
509 1386 816 1463 quoddam
848 1404 1173 1444 commune
1205 1385 1533 1454 vinculum,
1566 1405 1686 1463 quo
1717 1386 1878 1444 inter
1918 1405 1983 1445 se
2012 1406 2154 1445 nec-

346 1493 564 1544 tuntur
607 1505 730 1544 non
769 1485 954 1544 modo
985 1504 1196 1544 omnes
1225 1492 1386 1544 artes
1417 1488 1549 1563 q'uae
1589 1485 1665 1544 ad
1705 1484 2154 1545 humanitatem

346 1585 673 1663 pertinent,
706 1603 1037 1661 omnesque
1073 1584 1361 1663 gravioris
1392 1586 1658 1644 scientiae
1689 1595 1908 1663 parteS,
1942 1604 2155 1644 verum

347 1686 534 1743 etiam
567 1685 770 1742 onmia
800 1684 1062 1761 penitus,
1084 1704 1216 1761 quae
1247 1686 1311 1742 in
1341 1705 1707 1762 unoquoque
1736 1705 1959 1764 genere
1989 1692 2156 1744 recte

344 1784 538 1863 possit
582 1783 881 1842 affirmare
933 1783 1150 1861 aliquis
1170 1804 1351 1843 :—ex
1398 1805 1519 1862 quo
1565 1785 1842 1856 efficitur,
1886 1786 1948 1844 id
1994 1786 2160 1864 quod'

350 1884 557 1942 docuit
606 1884 697 1941 vir
755 1883 958 1941 divino
1018 1885 1315 1953 acumine,
1371 1885 1659 1945 Butlerus
1678 1894 1719 1954 a,
1768 1894 1801 1918 ‘⁶
1824 1885 2156 1945 Neminem

351 1985 522 2052 scire,
570 2003 649 2042 an
702 1982 989 2059 quicquid
1045 2003 1186 2042 vere
1239 1985 1476 2042 dicatur
1533 1986 1816 2063 respiciat
1868 1987 2159 2062 quodam-

349 2084 534 2142 modo
566 2083 785 2153 omnia,
819 2102 952 2159 quae
983 2101 1124 2141 vere
1156 2083 1273 2141 dici
1306 2085 1554 2161 possint,
1587 2085 1854 2143 obscuris
1894 2084 2159 2162 plerum-

351 2204 470 2261 que
515 2183 890 2261 ambagibuS,
927 2182 1015 2240 ita
1059 2189 1284 2254 tamen,
1330 2190 1400 2242 ut
1444 2204 1567 2242 uno
1612 2191 1835 2263 negato
1876 2192 2159 2243 corruant

351 2283 533 2361 plane
564 2283 769 2342 omnia
792 2282 1016 2341 :'’-sic
1046 2290 1273 2342 norunt
1304 2282 1566 2342 Poeseos
1597 2283 1846 2354 alumni,
1871 2284 2159 2343 facillime

352 2383 414 2441 in
455 2402 587 2442 rem
625 2401 795 2441 suam
841 2383 1113 2440 converti
1152 2401 1526 2460 quaecunque
1562 2383 1626 2440 in
1661 2394 1935 2442 mentem
1967 2384 2065 2443 vel
2095 2385 2159 2442 in

353 2504 602 2543 manum
634 2483 901 2551 veniant,
932 2483 1115 2541 modo
1147 2483 1378 2542 ferveat
1410 2485 1542 2562 quis
1582 2484 1804 2553 anim0,
1835 2492 2160 2563 totumque

354 2605 418 2644 se
450 2585 615 2662 operi
647 2584 906 2642 addicat.

442 2684 599 2754 Quae
623 2703 765 2741 cum
795 2683 883 2740 ita
910 2683 1047 2751 sint,
1067 2682 1259 2741 nolite
1289 2690 1523 2760 putare,
1545 2682 1919 2753 Academici,
1946 2703 2160 2761 campo

355 2804 476 2842 non
519 2783 662 2842 satis
698 2781 901 2859 amplo
934 2783 1142 2840 donari
1184 2802 1220 2840 a
1255 2782 1428 2841 nobis
1461 2783 1811 2852 Pindarum,
1844 2803 1984 2841 cum
2017 2783 2162 2840 dici-

355 2905 508 2954 muS,
548 2903 626 2942 ex
674 2903 878 2942 amore
923 2885 1010 2942 rei
1055 2885 1463 2962 gymnasticae,
1505 2884 1676 2942 velut
1721 2904 1755 2942 e
1802 2883 2026 2961 regula,
2069 2889 2163 2940 to-

355 2992 483 3043 tam
515 2985 645 3061 ejus
677 2983 1014 3041 carminum
1044 2984 1347 3042 rationem
1379 2983 1669 3061 explicari
1699 3002 1892 3060 posse.
1959 2982 2163 3052 Quem

354 3084 557 3142 locum
588 3102 696 3142 nos
727 3102 800 3141 eo
834 3083 965 3160 jam
996 3102 1209 3160 usque,
1241 3084 1289 3142 si
1320 3083 1699 3152 meministiS,
1732 3089 1913 3140 antea
1942 3087 2164 3139 tracta-

355 3184 569 3252 vimUS,
618 3188 689 3240 ut
745 3182 1120 3251 doceremus,
1167 3181 1440 3240 adhibita
1491 3180 1915 3258 exemplorum
1969 3180 2163 3256 copia,

356 3283 688 3340 Pindarum
733 3300 876 3339 cum
921 3280 1169 3339 athletis
1220 3281 1565 3338 mirandum
1614 3281 1677 3338 in
1730 3279 1983 3337 modum
2032 3297 2167 3336 sen-

355 3383 520 3452 sisse,
570 3381 782 3459 positis
830 3379 1117 3439 videlicet
1176 3380 1239 3437 in
1291 3380 1421 3457 ipso
1481 3379 1829 3439 certaminis
1888 3377 2162 3437 articulo,

704 3610 719 3629 ³
754 3604 884 3648 Anal.
910 3619 953 3662 p.
983 3618 1020 3648 1.
1046 3619 1085 3649 c.
1116 3615 1156 3662 7.
1180 3620 1225 3663 p.
1256 3615 1355 3663 173.
1382 3604 1469 3649 Ed.
1496 3603 1650 3649 Oxon.
1681 3604 1810 3661 1807.
