2288 4036
223 264 379 297 ruffin.
398 264 586 298 xxxm.
635 254 845 315 propter
869 261 1048 314 vayam
1074 246 1307 312 utrinque
1331 244 1688 296 obscuritatem.
1858 244 1969 299 677

452 383 575 426 Trita
596 384 715 427 solo:
744 384 869 440 juvat
889 383 1085 440 integros
1106 383 1309 427 accedere
1330 384 1475 426 fontes

453 455 601 512 Atque
621 455 819 499 haurire:
846 456 1061 513 juvatque
1082 470 1222 499 novos
1245 455 1474 512 decerpere
1495 455 1638 506 flores,

456 526 770 584 Insignemque
791 542 889 570 meo
912 527 1042 584 capiti
1063 535 1207 584 petere
1227 527 1330 570 inde
1351 542 1573 578 coronam,

455 597 588 641 Unde
609 599 731 655 prius
753 598 863 642 nulli
884 599 1068 642 velarint
1088 605 1287 656 tempora
1307 598 1469 641 Musae.

223 691 438 766 Ecquis
473 711 749 767 unquam,
781 693 1039 760 obsecrO,
1071 701 1174 750 aut
1214 694 1404 749 verius
1448 699 1550 748 aut
1591 693 1824 749 suavius
1864 710 1966 748 ex-

219 788 427 862 plicuit
490 788 692 846 eorum
756 796 1037 856 mentem,
1097 790 1195 864 qui
1256 789 1315 844 in
1375 807 1614 845 nemore
1677 794 1966 865 vagantur

217 883 434 952 aestivo,
464 884 816 959 placentque
846 885 955 941 sibi
985 885 1045 940 in
1076 885 1246 941 devio
1277 903 1510 959 quoque
1540 885 1768 951 itinere,
1800 883 1964 958 quasi

206 979 334 1053 jam
364 981 603 1037 tandem
629 1000 690 1038 se
713 982 1006 1057 recepturi
1037 982 1153 1039 sint
1182 981 1244 1039 in
1274 980 1527 1038 latebras
1553 979 1775 1056 aliquas
1804 980 1964 1056 prius

216 1076 467 1133 intactas
495 1077 873 1135 hominibus?

301 1172 475 1241 Quid,
507 1175 665 1248 quod
697 1174 962 1232 Numina
992 1175 1295 1252 sylvestria
1330 1174 1538 1234 lubens
1581 1172 1864 1238 nominat,
1895 1189 1963 1227 ac

196 1276 386 1350 svocat
415 1271 475 1326 in
505 1277 700 1346 partes
729 1290 877 1338 suaS,
910 1273 1008 1346 qui
1054 1271 1195 1328 alias
1224 1272 1285 1327 in
1316 1290 1420 1328 sua
1450 1271 1707 1328 carmina
1736 1267 1963 1325 fabulas

209 1363 499 1439 ejusmodi
528 1368 817 1424 rarissime
847 1368 1161 1426 admittere
1192 1368 1376 1426 soleat
1395 1363 1463 1424 k?

450 1479 561 1523 Haec
581 1481 678 1523 loca
698 1479 950 1536 capripedes
974 1479 1171 1537 Satyros,
1194 1479 1517 1537 Nymphasque
1538 1486 1686 1522 tenere

446 1551 643 1595 Finitimi
663 1552 855 1608 fingunt,
878 1559 921 1595 et
943 1551 1119 1595 Faunos
1141 1565 1238 1595 esse
1256 1552 1517 1609 loquuntur,

450 1623 654 1671 Quorum
675 1624 910 1680 noctivago
932 1624 1133 1680 strepitu,
1155 1623 1351 1681 ludoque
1365 1624 1535 1680 jocanti

446 1695 683 1738 Affirmant
703 1696 837 1752 vulgo
858 1695 1078 1738 taciturna
1098 1695 1270 1739 silentia
1288 1695 1452 1752 rumpi,

442 1767 816 1825 Chordarumque
833 1782 972 1811 sonos
994 1767 1101 1819 fieri,
1124 1767 1364 1825 dulcesque
1385 1768 1598 1825 querelas,

443 1839 573 1882 Tibia
587 1854 702 1896 quas
723 1839 884 1891 fundit,
908 1839 1056 1897 digitis
1077 1841 1251 1896 pulsata
1271 1846 1533 1883 canentum:

447 1911 507 1954 Et
526 1926 668 1968 genus
689 1911 932 1968 agricolum
950 1912 1036 1955 late
1057 1912 1305 1962 sentiscere,
1326 1926 1430 1955 curn
1452 1911 1560 1963 Pan,

448 1981 583 2024 Pinea
603 1982 793 2025 semiferi
814 1982 966 2038 capitis
987 1982 1205 2026 velamina
1225 1997 1455 2040 quassans,

447 2052 578 2096 Unco
600 2067 715 2109 saepe
735 2053 859 2096 labro
881 2054 1071 2096 calamos
1092 2054 1308 2110 percurrit
1327 2045 1514 2105 hiantes,

445 2123 612 2166 Fistula
632 2123 876 2179 silvestrem
896 2138 952 2167 ne
973 2130 1112 2167 cesset
1131 2123 1318 2167 fundere
1336 2124 1532 2168 Musam.

295 2223 435 2282 Alia
476 2244 646 2300 porro
685 2225 884 2293 habet,
921 2246 1054 2301 quae
1099 2245 1217 2283 non
1263 2227 1440 2283 dubie
1484 2227 1815 2303 significent
1859 2246 1958 2284 cu-

170 2399 173 2400 r
210 2322 345 2396 pide
374 2321 686 2395 aliquando
710 2329 1004 2378 versatum
1031 2324 1091 2378 in
1115 2342 1423 2380 nemoroso
1447 2324 1703 2397 quodam
1733 2330 1956 2389 monte,

204 2418 526 2492 <Apennino
556 2417 818 2485 fortasse,
848 2418 970 2474 sive
1000 2417 1167 2474 Pelio
1186 2416 1218 2473 ¹.

442 2531 503 2574 At
524 2546 639 2587 saepe
660 2532 707 2574 in
727 2532 901 2589 magnis
922 2532 973 2575 fit
993 2533 1237 2586 montibus,
1259 2534 1423 2591 inquis,
1443 2540 1496 2576 ut
1518 2533 1616 2576 altis

399 2608 402 2611 “
441 2602 690 2646 Arboribus
711 2603 856 2647 vicina
876 2604 1105 2648 cacumina
1126 2616 1301 2648 summa
1318 2611 1519 2648 terantur

444 2673 566 2716 Inter
585 2688 644 2724 se,
666 2674 821 2718 validis
843 2675 985 2719 facere
1004 2676 1050 2719 id
1071 2677 1334 2733 cogentibus
1355 2676 1548 2727 Austris,

442 2745 597 2787 Donec
617 2745 839 2789 fulserunt
858 2746 1048 2790 flammae
1067 2747 1240 2804 fulgore
1262 2754 1427 2791 coorto.

441 2815 644 2860 Scilicet:
677 2823 720 2860 et
740 2832 833 2861 non
853 2825 919 2861 est
939 2819 1073 2875 lignis
1094 2826 1242 2862 tamen
1262 2819 1423 2862 insitus
1444 2809 1587 2875 ignis;

441 2888 610 2931 Verum
631 2889 800 2932 semina
821 2898 926 2933 sunt
946 2890 1115 2935 ardoris
1136 2892 1291 2942 multa,
1312 2890 1495 2934 terendo

442 2958 556 3006 Quae
577 2975 680 3003 curn
701 2961 965 3013 confluxere,
988 2969 1136 3006 creant
1155 2962 1359 3006 incendia
1379 2963 1529 3020 sylvis.

443 3028 577 3075 Quod
599 3031 636 3073 si
656 3037 778 3074 tanta
797 3031 909 3075 foret
931 3033 1064 3090 sylvis
1087 3033 1344 3077 abscondita
1363 3034 1555 3085 flamma,

438 3100 544 3143 Non
564 3109 747 3157 possent
766 3103 911 3146 ullum
931 3111 1106 3160 tempus
1129 3105 1306 3148 celarier
1326 3105 1467 3162 ignes,

441 3170 718 3216 Conficerent
738 3175 874 3232 vulgo
897 3177 1056 3233 sylvas,
1079 3176 1260 3220 arbusta
1281 3184 1538 3221 cremarent.

288 3278 597 3340 Videtisne
626 3286 878 3342 eundem
910 3288 1124 3343 servari
1153 3307 1188 3343 a
1209 3286 1491 3345 Lucretio
1522 3295 1806 3355 tenorem,
1827 3290 1950 3346 sive

201 3377 279 3432 de
312 3376 464 3433 caelis
503 3385 725 3453 agatur,
758 3381 879 3436 sive
910 3382 982 3438 de
1019 3381 1234 3457 sylvis?
1322 3384 1557 3442 Arcana
1587 3403 1834 3463 semper,
1865 3385 1952 3440 in-

436 3516 463 3546 1‘
485 3516 616 3561 Lucr.
640 3534 681 3571 4.
704 3519 804 3575 584.
1514 3524 1529 3556 l
1552 3538 1590 3569 1.
1613 3525 1714 3582 896.
