2288 4036
364 187 367 190 ¹
390 195 500 251 620
867 198 1035 250 Ruris
1062 198 1353 251 amantium
1378 198 1478 251 duo
1498 216 1687 270 ymera
1873 219 2031 252 PRAEL.
2055 219 2189 254 xxx.

391 363 508 420 que
553 344 800 402 tandem
847 362 1069 421 genere
1114 344 1271 401 bene
1315 364 1384 402 ac
1422 345 1664 421 penitus
1706 351 1982 416 tentato;
2030 350 2190 424 quod

388 441 690 519 reliquum
736 449 883 509 erat,
930 441 1160 518 recepit
1205 461 1268 499 se
1314 449 1456 500 aetas
1502 443 1686 500 serior
1728 444 1791 500 in
1837 462 1976 501 eum
2008 464 2191 522 quem

390 541 516 598 dixi
547 547 810 617 portum,
842 546 1073 596 naturae
1104 545 1169 596 et
1200 540 1422 596 amoeni
1454 541 1623 598 ruris.

474 635 687 714 Atque
717 637 849 714 ejus
877 637 1046 712 quasi
1078 636 1237 714 fugae
1267 636 1455 694 futuri
1488 644 1660 696 erant
1692 638 2029 716 participeS,
2060 660 2191 718 par-

389 740 503 796 tim
538 735 852 793 Homerici
884 744 947 793 et
977 735 1276 813 negotiosi
1312 735 1606 805 homines,
1638 737 1875 815 fatigati
1910 738 2192 798 videlicet

390 854 497 894 seu
541 834 761 892 militia
806 835 932 892 sive
977 833 1305 910 republica,
1352 835 1571 911 partim
1617 835 1939 914 AEschylei‚
1986 836 2193 908 (modo

390 934 478 992 fas
509 935 588 992 sit
619 934 706 991 ita
735 933 1090 1010 nominare,)
1123 952 1272 1009 quos
1303 933 1460 991 forte
1480 934 1719 1010 jamdiu
1749 935 2001 994 taederet
2033 938 2194 1015 cogi-

389 1033 636 1091 tationis
676 1052 842 1110 vagae
894 1052 963 1090 ac
1016 1032 1291 1099 turbidae,
1338 1051 1478 1089 cum
1515 1014 1662 1090 hinc⁸
1691 1032 1858 1093 illinc
1892 1035 2194 1112 jactaren-

389 1140 490 1191 tur
527 1130 739 1190 multis
782 1131 1139 1210 magnisque
1176 1130 1402 1200 litibus,
1435 1131 1511 1190 de
1553 1151 1790 1190 summa
1833 1153 2035 1192 rerum
2079 1135 2192 1194 hu-

386 1249 724 1300 manarum,
773 1230 999 1289 nullius
1050 1230 1316 1297 arbitrio,
1370 1229 1539 1288 nulla
1586 1231 1863 1291 formula.
1955 1232 2194 1292 Harum

388 1330 752 1389 familiarum
797 1329 989 1388 altera
1035 1329 1340 1398 Lucretio,
1382 1328 1574 1388 altera
1603 1328 1864 1408 Virgilio
1911 1332 2194 1389 convenit

387 1430 730 1488 mirandum
762 1429 826 1486 in
857 1429 1126 1493 modum.
1200 1428 1512 1486 Nimirum
1543 1428 1656 1487 hac
1679 1449 1800 1487 una
1832 1449 1897 1487 re
1927 1431 2194 1489 maxime

388 1528 737 1587 continetur
780 1546 1017 1585 summa
1058 1527 1443 1585 Lucretianae
1477 1526 1755 1597 Poeseos.
1786 1534 1857 1586 ut
1901 1529 1965 1586 in
2009 1528 2195 1588 ardua

389 1626 591 1686 omnia
639 1634 702 1684 et
761 1625 1108 1703 longinqua,
1158 1625 1366 1702 procul
1419 1645 1455 1683 a
1502 1645 1566 1684 se
1618 1627 1859 1703 suisque
1917 1628 2192 1705 negotiis,

387 1725 578 1802 abripi
611 1731 674 1782 et
704 1723 919 1782 extolli
952 1743 1015 1781 se
1047 1724 1204 1782 sinat
1235 1723 1408 1782 laetus
1439 1732 1626 1801 atque
1657 1724 1873 1785 lubens
1905 1725 2191 1804 Scriptor.

632 1854 722 1901 His
743 1854 829 1901 tibi
849 1870 923 1900 me
944 1854 1081 1901 rebus
1103 1854 1316 1915 quaedam
1338 1855 1491 1901 divina
1511 1857 1721 1915 voluptas

631 1929 844 1988 Percipit,
866 1936 1002 1988 atque
1021 1929 1199 1982 horror,
1222 1929 1348 1989 quod
1370 1930 1434 1975 sic
1456 1929 1636 1976 Natura
1654 1938 1735 1976 tua
1756 1931 1800 1976 vi

629 2003 746 2048 Tam
767 2003 1009 2047 manifesta
1028 2010 1152 2061 patet
1174 2018 1230 2047 ex
1251 2004 1377 2048 omni
1397 2011 1524 2062 parte
1544 2011 1726 2049 retecta.

390 2114 537 2173 Non
581 2115 769 2193 gestit
813 2113 1013 2182 mod0,
1053 2133 1271 2172 arcana
1313 2113 1514 2190 palam
1560 2115 1725 2185 fieri3
1771 2135 1910 2185 non,
1943 2115 2196 2175 subtiles

389 2214 649 2273 feliciter
671 2213 905 2289 exquiri
938 2212 1200 2270 rationes
1223 2220 1408 2289 atque
1438 2215 1651 2272 modos
1682 2234 1880 2272 rerum
1907 2235 1922 2285 3
1968 2216 2194 2274 nedum

387 2311 480 2370 his
510 2331 648 2388 quae
695 2309 884 2368 oculis
930 2310 1232 2368 cernimus
1273 2311 1615 2370 adumbrari
1652 2313 1856 2371 videat
1893 2321 2195 2373 aeternum

387 2427 817 2486 summumque
855 2408 1006 2466 illud
1039 2407 1300 2467 Bonum.
1395 2409 1653 2469 Utinam
1684 2411 1860 2471 vero!
1907 2414 2013 2471 sed
2043 2412 2195 2471 nihil

387 2509 512 2568 tale
563 2509 793 2586 cogitat
844 2506 1183 2566 Lucretius.
1281 2507 1353 2566 Id
1405 2510 1588 2568 modo
1640 2516 1856 2579 tentat,
1912 2511 1976 2570 id
2027 2512 2196 2590 cupit

388 2609 653 2687 agitque,
686 2614 756 2665 ut
786 2606 981 2666 anxiae
1027 2626 1096 2665 ac
1142 2608 1509 2684 perturbatae
1538 2609 1733 2667 menti
1763 2609 1974 2668 afferre
2005 2612 2195 2688 possit

388 2708 727 2766 remedium
771 2705 1032 2783 aliquod,
1079 2706 1209 2783 ipsa
1252 2705 1366 2765 hac
1412 2695 1624 2766 mundi
1665 2709 2086 2786 magnitudine
2131 2717 2195 2768 et

387 2805 648 2864 mirabili
715 2805 916 2882 specie
983 2804 1470 2882 contemplanda.
1571 2803 1726 2883 Agit
1787 2805 1889 2864 ille
1948 2807 2193 2883 quidem

390 2905 638 2984 Epicuri
684 2903 1065 2981 discipulum,
1098 2904 1348 2980 ejusque
1393 2904 1505 2961 viri
1551 2904 1729 2963 dictis
1773 2924 1838 2963 se
1879 2905 2006 2963 fore
2052 2905 2194 2964 obe-

389 3005 678 3073 dientem,
724 3010 796 3061 ut
833 3003 935 3080 qui
982 3003 1268 3071 maxime,
1314 3023 1440 3080 prae
1495 3021 1558 3061 se
1608 3002 1761 3062 fert:
1815 3004 2004 3061 immo
2051 3023 2193 3063 con-

389 3090 759 3162 stantisSime
815 3102 1011 3169 docet,
1065 3121 1187 3159 non
1240 3101 1358 3160 alia
1407 3102 1710 3161 medicina
1756 3122 1938 3179 quam
1988 3102 2191 3183 κυρίαις

388 3202 517 3278 ejus
562 3197 749 3278 δόξαις
792 3200 976 3259 levari
1025 3220 1199 3278 posse
1243 3201 1485 3260 morbos
1532 3202 1886 3269 animarum,
1932 3201 2192 3278 vitaeque

387 3300 667 3358 humanae
717 3299 1104 3359 incommoda
1161 3319 1232 3358 ac
1290 3318 1593 3357 moerores·
1691 3298 1932 3357 Sentias
1983 3304 2190 3355 tamen

389 3399 554 3457 omni
599 3416 876 3456 sermone
912 3400 1052 3477 angi
1086 3418 1156 3457 ac
1201 3397 1482 3457 fluctuari
1526 3397 1853 3466 hominem,
1885 3395 2054 3455 velut
2086 3396 2189 3473 qui

388 3498 501 3557 sibi
542 3496 621 3557 sit
657 3499 947 3565 consciUS,
979 3498 1114 3557 loco
1155 3517 1218 3557 se
1256 3497 1532 3556 insistere
1572 3496 1804 3556 lubrico
1848 3514 2088 3575 prorsus
2125 3501 2188 3552 et
