<?xml version="1.0" encoding="UTF-8"?>
<!DOCTYPE html PUBLIC "-//W3C//DTD XHTML 1.0 Transitional//EN"
    "http://www.w3.org/TR/xhtml1/DTD/xhtml1-transitional.dtd">
<html xmlns="http://www.w3.org/1999/xhtml" xml:lang="en" lang="en">
 <head>
  <title>
</title>
<meta http-equiv="Content-Type" content="text/html;charset=utf-8" />
  <meta name='ocr-system' content='tesseract 3.04.00' />
  <meta name='ocr-capabilities' content='ocr_page ocr_carea ocr_par ocr_line ocrx_word'/>
</head>
<body>
  <div class='ocr_page' id='page_1' title='image "./a588873902kebluoft_0437.png"; bbox 0 0 2288 4036; ppageno 0'>
   <div class='ocr_carea' id='block_1_1' title="bbox 224 259 1979 331">
    <p class='ocr_par' dir='ltr' id='par_1_1' title="bbox 224 259 1979 331">
     <span class='ocr_line' id='line_1_1' title="bbox 224 259 1979 331; baseline -0.001 -16"><span class='ocrx_word' id='word_1_1' title='bbox 224 284 377 315; x_wconf 77' lang='lat' dir='ltr'>PRAEL.</span> <span class='ocrx_word' id='word_1_2' title='bbox 399 282 479 314; x_wconf 69' lang='lat' dir='ltr'>xn.</span> <span class='ocrx_word' id='word_1_3' title='bbox 573 261 841 331; x_wconf 75' lang='lat' dir='ltr'><strong><em>Utrobique</em></strong></span> <span class='ocrx_word' id='word_1_4' title='bbox 867 259 1170 313; x_wconf 74' lang='lat' dir='ltr'>servandam</span> <span class='ocrx_word' id='word_1_5' title='bbox 1196 278 1288 311; x_wconf 75' lang='lat' dir='ltr'>esse</span> <span class='ocrx_word' id='word_1_6' title='bbox 1320 260 1696 312; x_wconf 67' lang='lat' dir='ltr'><em>Verecundiam.</em></span> <span class='ocrx_word' id='word_1_7' title='bbox 1870 263 1979 314; x_wconf 85' lang='lat'>815</span> 
     </span>
    </p>
   </div>
   <div class='ocr_carea' id='block_1_2' title="bbox 197 405 1983 3667">
    <p class='ocr_par' dir='ltr' id='par_1_2' title="bbox 212 405 1983 2312">
     <span class='ocr_line' id='line_1_2' title="bbox 223 405 1983 481; baseline -0.001 -19"><span class='ocrx_word' id='word_1_8' title='bbox 223 407 414 481; x_wconf 87' lang='lat' dir='ltr'>quirat</span> <span class='ocrx_word' id='word_1_9' title='bbox 443 406 669 480; x_wconf 88' lang='lat' dir='ltr'>aliquis,</span> <span class='ocrx_word' id='word_1_10' title='bbox 701 424 953 479; x_wconf 86' lang='lat' dir='ltr'>quonam</span> <span class='ocrx_word' id='word_1_11' title='bbox 998 405 1256 461; x_wconf 83' lang='lat' dir='ltr'>maxime</span> <span class='ocrx_word' id='word_1_12' title='bbox 1286 405 1462 461; x_wconf 91' lang='lat' dir='ltr'>modo</span> <span class='ocrx_word' id='word_1_13' title='bbox 1495 405 1694 461; x_wconf 89' lang='lat' dir='ltr'>veniat</span> <span class='ocrx_word' id='word_1_14' title='bbox 1729 414 1759 437; x_wconf 78' lang='lat'>‘⁶</span> <span class='ocrx_word' id='word_1_15' title='bbox 1792 406 1983 462; x_wconf 81' lang='lat' dir='ltr'>honor</span> 
     </span>
     <span class='ocr_line' id='line_1_3' title="bbox 222 499 1978 575; baseline 0 -18"><span class='ocrx_word' id='word_1_16' title='bbox 222 510 283 557; x_wconf 87' lang='lat' dir='ltr'>et</span> <span class='ocrx_word' id='word_1_17' title='bbox 326 521 540 558; x_wconf 87' lang='lat' dir='ltr'>nomen</span> <span class='ocrx_word' id='word_1_18' title='bbox 574 501 785 557; x_wconf 88' lang='lat' dir='ltr'>divinis</span> <span class='ocrx_word' id='word_1_19' title='bbox 832 502 1064 558; x_wconf 90' lang='lat' dir='ltr'>vatibus</span> <span class='ocrx_word' id='word_1_20' title='bbox 1106 507 1286 575; x_wconf 88' lang='lat' dir='ltr'>atque</span> <span class='ocrx_word' id='word_1_21' title='bbox 1327 499 1750 566; x_wconf 78' lang='lat' dir='ltr'>CarminibUS,’&#39;</span> <span class='ocrx_word' id='word_1_22' title='bbox 1781 502 1828 558; x_wconf 90' lang='lat' dir='ltr'>is</span> <span class='ocrx_word' id='word_1_23' title='bbox 1861 501 1978 557; x_wconf 89' lang='lat' dir='ltr'>Re-</span> 
     </span>
     <span class='ocr_line' id='line_1_4' title="bbox 222 597 1976 674; baseline 0.001 -21"><span class='ocrx_word' id='word_1_24' title='bbox 222 598 424 674; x_wconf 85' lang='lat' dir='ltr'>ligioni</span> <span class='ocrx_word' id='word_1_25' title='bbox 456 616 693 654; x_wconf 89' lang='lat' dir='ltr'>necesse</span> <span class='ocrx_word' id='word_1_26' title='bbox 724 598 835 653; x_wconf 91' lang='lat' dir='ltr'>erit</span> <span class='ocrx_word' id='word_1_27' title='bbox 863 597 954 653; x_wconf 91' lang='lat' dir='ltr'>vel</span> <span class='ocrx_word' id='word_1_28' title='bbox 983 598 1198 672; x_wconf 86' lang='lat' dir='ltr'>primas</span> <span class='ocrx_word' id='word_1_29' title='bbox 1228 598 1286 653; x_wconf 91' lang='lat' dir='ltr'>in</span> <span class='ocrx_word' id='word_1_30' title='bbox 1320 617 1389 654; x_wconf 90' lang='lat' dir='ltr'>ea</span> <span class='ocrx_word' id='word_1_31' title='bbox 1421 616 1483 652; x_wconf 90' lang='lat' dir='ltr'>re</span> <span class='ocrx_word' id='word_1_32' title='bbox 1512 607 1709 672; x_wconf 88' lang='lat' dir='ltr'>partes</span> <span class='ocrx_word' id='word_1_33' title='bbox 1733 598 1976 655; x_wconf 89' lang='lat' dir='ltr'>tribuat.</span> 
     </span>
     <span class='ocr_line' id='line_1_5' title="bbox 222 693 1981 770; baseline 0.001 -20"><span class='ocrx_word' id='word_1_34' title='bbox 222 694 381 750; x_wconf 90' lang='lat' dir='ltr'>Nam</span> <span class='ocrx_word' id='word_1_35' title='bbox 422 702 731 769; x_wconf 77' lang='lat' dir='ltr'>postquam</span> <span class='ocrx_word' id='word_1_36' title='bbox 763 712 832 750; x_wconf 85' lang='lat' dir='ltr'>ea</span> <span class='ocrx_word' id='word_1_37' title='bbox 862 694 1045 750; x_wconf 90' lang='lat' dir='ltr'>semel</span> <span class='ocrx_word' id='word_1_38' title='bbox 1076 693 1319 770; x_wconf 86' lang='lat' dir='ltr'>virgula,</span> <span class='ocrx_word' id='word_1_39' title='bbox 1350 701 1418 750; x_wconf 90' lang='lat' dir='ltr'>ut</span> <span class='ocrx_word' id='word_1_40' title='bbox 1448 695 1630 760; x_wconf 87' lang='lat' dir='ltr'>aiunt,</span> <span class='ocrx_word' id='word_1_41' title='bbox 1664 694 1861 751; x_wconf 89' lang='lat' dir='ltr'>divina</span> <span class='ocrx_word' id='word_1_42' title='bbox 1890 715 1981 752; x_wconf 90' lang='lat' dir='ltr'>re-</span> 
     </span>
     <span class='ocr_line' id='line_1_6' title="bbox 218 789 1975 866; baseline 0.002 -22"><span class='ocrx_word' id='word_1_43' title='bbox 218 790 455 864; x_wconf 87' lang='lat' dir='ltr'>gionem</span> <span class='ocrx_word' id='word_1_44' title='bbox 485 807 962 862; x_wconf 80' lang='lat' dir='ltr'>unamquamque</span> <span class='ocrx_word' id='word_1_45' title='bbox 996 789 1245 845; x_wconf 75' lang='lat' dir='ltr'>Naturae</span> <span class='ocrx_word' id='word_1_46' title='bbox 1277 791 1558 866; x_wconf 87' lang='lat' dir='ltr'>tetigerit,</span> <span class='ocrx_word' id='word_1_47' title='bbox 1590 810 1742 847; x_wconf 87' lang='lat' dir='ltr'>novo</span> <span class='ocrx_word' id='word_1_48' title='bbox 1774 793 1975 848; x_wconf 89' lang='lat' dir='ltr'>statim</span> 
     </span>
     <span class='ocr_line' id='line_1_7' title="bbox 220 884 1977 963; baseline 0.003 -22"><span class='ocrx_word' id='word_1_49' title='bbox 220 885 462 952; x_wconf 88' lang='lat' dir='ltr'>lumine,</span> <span class='ocrx_word' id='word_1_50' title='bbox 506 904 573 941; x_wconf 90' lang='lat' dir='ltr'>ac</span> <span class='ocrx_word' id='word_1_51' title='bbox 612 884 785 959; x_wconf 88' lang='lat' dir='ltr'>plane</span> <span class='ocrx_word' id='word_1_52' title='bbox 832 885 1074 953; x_wconf 87' lang='lat' dir='ltr'>caelesti,</span> <span class='ocrx_word' id='word_1_53' title='bbox 1127 886 1312 942; x_wconf 91' lang='lat' dir='ltr'>imbui</span> <span class='ocrx_word' id='word_1_54' title='bbox 1359 907 1488 962; x_wconf 84' lang='lat' dir='ltr'>quae</span> <span class='ocrx_word' id='word_1_55' title='bbox 1533 888 1692 963; x_wconf 88' lang='lat' dir='ltr'>prius</span> <span class='ocrx_word' id='word_1_56' title='bbox 1733 889 1977 963; x_wconf 84' lang='lat' dir='ltr'>profana</span> 
     </span>
     <span class='ocr_line' id='line_1_8' title="bbox 219 981 1972 1059; baseline 0.001 -21"><span class='ocrx_word' id='word_1_57' title='bbox 219 1000 344 1038; x_wconf 88' lang='lat' dir='ltr'>esse</span> <span class='ocrx_word' id='word_1_58' title='bbox 397 981 787 1038; x_wconf 85' lang='lat' dir='ltr'>videbantur:</span> <span class='ocrx_word' id='word_1_59' title='bbox 834 1001 968 1037; x_wconf 91' lang='lat' dir='ltr'>cum</span> <span class='ocrx_word' id='word_1_60' title='bbox 1023 982 1360 1059; x_wconf 77' lang='lat' dir='ltr'>intelligant</span> <span class='ocrx_word' id='word_1_61' title='bbox 1411 984 1636 1041; x_wconf 91' lang='lat' dir='ltr'>scilicet</span> <span class='ocrx_word' id='word_1_62' title='bbox 1687 985 1972 1050; x_wconf 57' lang='lat' dir='ltr'>homines</span> 
     </span>
     <span class='ocr_line' id='line_1_9' title="bbox 218 1077 1972 1156; baseline 0.003 -24"><span class='ocrx_word' id='word_1_63' title='bbox 218 1079 404 1134; x_wconf 86' lang='lat' dir='ltr'>varias</span> <span class='ocrx_word' id='word_1_64' title='bbox 435 1096 629 1133; x_wconf 86' lang='lat' dir='ltr'>rerum</span> <span class='ocrx_word' id='word_1_65' title='bbox 662 1077 1097 1146; x_wconf 78' lang='lat' dir='ltr'>similitudineS,</span> <span class='ocrx_word' id='word_1_66' title='bbox 1127 1078 1385 1153; x_wconf 89' lang='lat' dir='ltr'>aliasque</span> <span class='ocrx_word' id='word_1_67' title='bbox 1416 1080 1475 1136; x_wconf 92' lang='lat' dir='ltr'>id</span> <span class='ocrx_word' id='word_1_68' title='bbox 1503 1099 1690 1156; x_wconf 88' lang='lat' dir='ltr'>genus</span> <span class='ocrx_word' id='word_1_69' title='bbox 1717 1081 1972 1146; x_wconf 72' lang='lat' dir='ltr'>deliciae,</span> 
     </span>
     <span class='ocr_line' id='line_1_10' title="bbox 216 1173 1974 1252; baseline 0.002 -23"><span class='ocrx_word' id='word_1_70' title='bbox 216 1192 334 1229; x_wconf 91' lang='lat' dir='ltr'>non</span> <span class='ocrx_word' id='word_1_71' title='bbox 385 1174 445 1228; x_wconf 89' lang='lat' dir='ltr'>in</span> <span class='ocrx_word' id='word_1_72' title='bbox 493 1173 686 1228; x_wconf 87' lang='lat' dir='ltr'>lusum</span> <span class='ocrx_word' id='word_1_73' title='bbox 737 1174 910 1230; x_wconf 89' lang='lat' dir='ltr'>modo</span> <span class='ocrx_word' id='word_1_74' title='bbox 968 1174 1091 1230; x_wconf 88' lang='lat' dir='ltr'>dari</span> <span class='ocrx_word' id='word_1_75' title='bbox 1142 1174 1444 1250; x_wconf 88' lang='lat' dir='ltr'>ingenioso</span> <span class='ocrx_word' id='word_1_76' title='bbox 1493 1177 1720 1251; x_wconf 89' lang='lat' dir='ltr'>cuique,</span> <span class='ocrx_word' id='word_1_77' title='bbox 1781 1197 1974 1252; x_wconf 90' lang='lat' dir='ltr'>neque</span> 
     </span>
     <span class='ocr_line' id='line_1_11' title="bbox 217 1269 1975 1346; baseline 0.001 -20"><span class='ocrx_word' id='word_1_78' title='bbox 217 1271 556 1346; x_wconf 87' lang='lat' dir='ltr'>opinionum</span> <span class='ocrx_word' id='word_1_79' title='bbox 606 1271 956 1326; x_wconf 87' lang='lat' dir='ltr'>commentis</span> <span class='ocrx_word' id='word_1_80' title='bbox 1001 1269 1215 1325; x_wconf 89' lang='lat' dir='ltr'>debere</span> <span class='ocrx_word' id='word_1_81' title='bbox 1259 1270 1540 1338; x_wconf 88' lang='lat' dir='ltr'>adscribi;</span> <span class='ocrx_word' id='word_1_82' title='bbox 1591 1273 1734 1346; x_wconf 91' lang='lat' dir='ltr'>quin</span> <span class='ocrx_word' id='word_1_83' title='bbox 1777 1272 1975 1346; x_wconf 86' lang='lat' dir='ltr'>potius</span> 
     </span>
     <span class='ocr_line' id='line_1_12' title="bbox 215 1366 1974 1443; baseline 0.001 -21"><span class='ocrx_word' id='word_1_84' title='bbox 215 1374 368 1423; x_wconf 90' lang='lat' dir='ltr'>nutu</span> <span class='ocrx_word' id='word_1_85' title='bbox 403 1367 657 1441; x_wconf 87' lang='lat' dir='ltr'>quodam</span> <span class='ocrx_word' id='word_1_86' title='bbox 685 1374 751 1434; x_wconf 20' lang='lat' dir='ltr'>,et</span> <span class='ocrx_word' id='word_1_87' title='bbox 782 1366 1012 1422; x_wconf 88' lang='lat' dir='ltr'>indiciis</span> <span class='ocrx_word' id='word_1_88' title='bbox 1043 1385 1159 1422; x_wconf 89' lang='lat' dir='ltr'>non</span> <span class='ocrx_word' id='word_1_89' title='bbox 1192 1366 1384 1423; x_wconf 90' lang='lat' dir='ltr'>dubiis</span> <span class='ocrx_word' id='word_1_90' title='bbox 1415 1367 1724 1443; x_wconf 81' lang='lat' dir='ltr'>significari</span> <span class='ocrx_word' id='word_1_91' title='bbox 1746 1368 1974 1442; x_wconf 84' lang='lat' dir='ltr'>judicia</span> 
     </span>
     <span class='ocr_line' id='line_1_13' title="bbox 219 1461 1974 1537; baseline 0.001 -18"><span class='ocrx_word' id='word_1_92' title='bbox 219 1463 487 1529; x_wconf 77' lang='lat' dir='ltr'>Naturae,</span> <span class='ocrx_word' id='word_1_93' title='bbox 533 1482 605 1519; x_wconf 87' lang='lat' dir='ltr'>an</span> <span class='ocrx_word' id='word_1_94' title='bbox 654 1463 846 1518; x_wconf 84' lang='lat' dir='ltr'>verius</span> <span class='ocrx_word' id='word_1_95' title='bbox 898 1463 1106 1528; x_wconf 86' lang='lat' dir='ltr'>dicam,</span> <span class='ocrx_word' id='word_1_96' title='bbox 1155 1461 1342 1524; x_wconf 81' lang='lat' dir='ltr'>Illius,</span> <span class='ocrx_word' id='word_1_97' title='bbox 1393 1464 1492 1537; x_wconf 88' lang='lat' dir='ltr'>qui</span> <span class='ocrx_word' id='word_1_98' title='bbox 1538 1464 1801 1521; x_wconf 80' lang='lat' dir='ltr'>condidit</span> <span class='ocrx_word' id='word_1_99' title='bbox 1849 1464 1974 1520; x_wconf 88' lang='lat' dir='ltr'>Na-</span> 
     </span>
     <span class='ocr_line' id='line_1_14' title="bbox 218 1559 1975 1635; baseline 0 -18"><span class='ocrx_word' id='word_1_100' title='bbox 218 1569 427 1617; x_wconf 86' lang='lat' dir='ltr'>turam.</span> <span class='ocrx_word' id='word_1_101' title='bbox 535 1559 631 1616; x_wconf 89' lang='lat' dir='ltr'>Ita</span> <span class='ocrx_word' id='word_1_102' title='bbox 678 1560 902 1616; x_wconf 89' lang='lat' dir='ltr'>factum</span> <span class='ocrx_word' id='word_1_103' title='bbox 953 1566 1061 1626; x_wconf 87' lang='lat' dir='ltr'>est,</span> <span class='ocrx_word' id='word_1_104' title='bbox 1117 1566 1184 1615; x_wconf 93' lang='lat' dir='ltr'>ut</span> <span class='ocrx_word' id='word_1_105' title='bbox 1231 1560 1429 1635; x_wconf 86' lang='lat' dir='ltr'>magni</span> <span class='ocrx_word' id='word_1_106' title='bbox 1490 1567 1551 1615; x_wconf 93' lang='lat' dir='ltr'>et</span> <span class='ocrx_word' id='word_1_107' title='bbox 1611 1560 1975 1618; x_wconf 84' lang='lat' dir='ltr'>excellentes</span> 
     </span>
     <span class='ocr_line' id='line_1_15' title="bbox 217 1655 1974 1733; baseline 0.001 -20"><span class='ocrx_word' id='word_1_108' title='bbox 217 1657 417 1726; x_wconf 82' lang='lat' dir='ltr'>Poetae</span> <span class='ocrx_word' id='word_1_109' title='bbox 448 1655 807 1712; x_wconf 89' lang='lat' dir='ltr'>Antistitum</span> <span class='ocrx_word' id='word_1_110' title='bbox 846 1656 1032 1712; x_wconf 88' lang='lat' dir='ltr'>ferme</span> <span class='ocrx_word' id='word_1_111' title='bbox 1063 1655 1191 1712; x_wconf 91' lang='lat' dir='ltr'>loco</span> <span class='ocrx_word' id='word_1_112' title='bbox 1235 1665 1447 1723; x_wconf 81' lang='lat' dir='ltr'>essent,</span> <span class='ocrx_word' id='word_1_113' title='bbox 1480 1676 1802 1732; x_wconf 86' lang='lat' dir='ltr'>eorumque</span> <span class='ocrx_word' id='word_1_114' title='bbox 1842 1678 1974 1733; x_wconf 88' lang='lat' dir='ltr'>pro-</span> 
     </span>
     <span class='ocr_line' id='line_1_16' title="bbox 214 1753 1970 1829; baseline 0.001 -20"><span class='ocrx_word' id='word_1_115' title='bbox 214 1754 405 1810; x_wconf 86' lang='lat' dir='ltr'>vincia</span> <span class='ocrx_word' id='word_1_116' title='bbox 462 1753 779 1809; x_wconf 84' lang='lat' dir='ltr'>haberetur</span> <span class='ocrx_word' id='word_1_117' title='bbox 828 1760 1062 1809; x_wconf 89' lang='lat' dir='ltr'>tantum</span> <span class='ocrx_word' id='word_1_118' title='bbox 1126 1772 1243 1808; x_wconf 89' lang='lat' dir='ltr'>non</span> <span class='ocrx_word' id='word_1_119' title='bbox 1303 1753 1574 1829; x_wconf 85' lang='lat' dir='ltr'>religiosa</span> <span class='ocrx_word' id='word_1_120' title='bbox 1633 1762 1694 1811; x_wconf 93' lang='lat' dir='ltr'>et</span> <span class='ocrx_word' id='word_1_121' title='bbox 1753 1765 1970 1813; x_wconf 86' lang='lat' dir='ltr'>sancta.</span> 
     </span>
     <span class='ocr_line' id='line_1_17' title="bbox 216 1849 1971 1928; baseline 0.001 -21"><span class='ocrx_word' id='word_1_122' title='bbox 216 1851 420 1908; x_wconf 88' lang='lat' dir='ltr'>Verbo</span> <span class='ocrx_word' id='word_1_123' title='bbox 462 1852 671 1919; x_wconf 86' lang='lat' dir='ltr'>dicam,</span> <span class='ocrx_word' id='word_1_124' title='bbox 705 1849 904 1906; x_wconf 91' lang='lat' dir='ltr'>Poesis</span> <span class='ocrx_word' id='word_1_125' title='bbox 949 1849 1244 1925; x_wconf 85' lang='lat' dir='ltr'>Religioni</span> <span class='ocrx_word' id='word_1_126' title='bbox 1287 1852 1626 1908; x_wconf 88' lang='lat' dir='ltr'>commodat</span> <span class='ocrx_word' id='word_1_127' title='bbox 1671 1853 1971 1928; x_wconf 87' lang='lat' dir='ltr'>signorum</span> 
     </span>
     <span class='ocr_line' id='line_1_18' title="bbox 215 1946 1964 2022; baseline 0.001 -17"><span class='ocrx_word' id='word_1_128' title='bbox 215 1955 276 2005; x_wconf 86' lang='lat' dir='ltr'>et</span> <span class='ocrx_word' id='word_1_129' title='bbox 323 1947 604 2005; x_wconf 85' lang='lat' dir='ltr'>similium</span> <span class='ocrx_word' id='word_1_130' title='bbox 657 1947 925 2021; x_wconf 87' lang='lat' dir='ltr'>copiam:</span> <span class='ocrx_word' id='word_1_131' title='bbox 995 1946 1227 2022; x_wconf 84' lang='lat' dir='ltr'>Religio</span> <span class='ocrx_word' id='word_1_132' title='bbox 1282 1946 1453 2003; x_wconf 90' lang='lat' dir='ltr'>Poesi</span> <span class='ocrx_word' id='word_1_133' title='bbox 1513 1949 1705 2004; x_wconf 86' lang='lat' dir='ltr'>reddit</span> <span class='ocrx_word' id='word_1_134' title='bbox 1759 1950 1964 2006; x_wconf 87' lang='lat' dir='ltr'>eadem</span> 
     </span>
     <span class='ocr_line' id='line_1_19' title="bbox 212 2043 1972 2121; baseline 0.001 -20"><span class='ocrx_word' id='word_1_135' title='bbox 212 2051 382 2102; x_wconf 89' lang='lat' dir='ltr'>tanto</span> <span class='ocrx_word' id='word_1_136' title='bbox 415 2045 542 2119; x_wconf 90' lang='lat' dir='ltr'>jam</span> <span class='ocrx_word' id='word_1_137' title='bbox 583 2043 893 2119; x_wconf 84' lang='lat' dir='ltr'>splendore</span> <span class='ocrx_word' id='word_1_138' title='bbox 933 2052 1155 2111; x_wconf 87' lang='lat' dir='ltr'>ornata,</span> <span class='ocrx_word' id='word_1_139' title='bbox 1186 2051 1253 2099; x_wconf 89' lang='lat' dir='ltr'>ut</span> <span class='ocrx_word' id='word_1_140' title='bbox 1286 2063 1402 2099; x_wconf 91' lang='lat' dir='ltr'>non</span> <span class='ocrx_word' id='word_1_141' title='bbox 1437 2044 1625 2101; x_wconf 90' lang='lat' dir='ltr'>solum</span> <span class='ocrx_word' id='word_1_142' title='bbox 1658 2046 1731 2100; x_wconf 91' lang='lat' dir='ltr'>ad</span> <span class='ocrx_word' id='word_1_143' title='bbox 1780 2047 1972 2121; x_wconf 88' lang='lat' dir='ltr'>signo-</span> 
     </span>
     <span class='ocr_line' id='line_1_20' title="bbox 213 2139 1969 2218; baseline 0.001 -21"><span class='ocrx_word' id='word_1_144' title='bbox 213 2161 363 2208; x_wconf 89' lang='lat' dir='ltr'>rum,</span> <span class='ocrx_word' id='word_1_145' title='bbox 399 2159 599 2196; x_wconf 88' lang='lat' dir='ltr'>verum</span> <span class='ocrx_word' id='word_1_146' title='bbox 646 2141 826 2197; x_wconf 89' lang='lat' dir='ltr'>etiam</span> <span class='ocrx_word' id='word_1_147' title='bbox 872 2141 943 2196; x_wconf 88' lang='lat' dir='ltr'>ad</span> <span class='ocrx_word' id='word_1_148' title='bbox 978 2139 1491 2196; x_wconf 86' lang='lat' dir='ltr'>Sacramentorum</span> <span class='ocrx_word' id='word_1_149' title='bbox 1530 2143 1719 2216; x_wconf 85' lang='lat' dir='ltr'>(paene</span> <span class='ocrx_word' id='word_1_150' title='bbox 1753 2143 1969 2218; x_wconf 87' lang='lat' dir='ltr'>dicam)</span> 
     </span>
     <span class='ocr_line' id='line_1_21' title="bbox 213 2237 908 2312; baseline -0.001 -18"><span class='ocrx_word' id='word_1_151' title='bbox 213 2251 525 2295; x_wconf 85' lang='lat' dir='ltr'>numerum</span> <span class='ocrx_word' id='word_1_152' title='bbox 557 2237 908 2312; x_wconf 86' lang='lat' dir='ltr'>pertineant.</span> 
     </span>
    </p>

    <p class='ocr_par' dir='ltr' id='par_1_3' title="bbox 197 2335 1972 3667">
     <span class='ocr_line' id='line_1_22' title="bbox 298 2335 1972 2411; baseline 0.001 -20"><span class='ocrx_word' id='word_1_153' title='bbox 298 2335 521 2411; x_wconf 85' lang='lat' dir='ltr'>Magno</span> <span class='ocrx_word' id='word_1_154' title='bbox 552 2342 834 2409; x_wconf 72' lang='lat' dir='ltr'>praeterea</span> <span class='ocrx_word' id='word_1_155' title='bbox 857 2335 1303 2391; x_wconf 84' lang='lat' dir='ltr'>necessitudinis</span> <span class='ocrx_word' id='word_1_156' title='bbox 1323 2335 1558 2392; x_wconf 88' lang='lat' dir='ltr'>vinculo</span> <span class='ocrx_word' id='word_1_157' title='bbox 1591 2337 1972 2393; x_wconf 86' lang='lat' dir='ltr'>continentur</span> 
     </span>
     <span class='ocr_line' id='line_1_23' title="bbox 197 2429 1969 2507; baseline 0.001 -19"><span class='ocrx_word' id='word_1_158' title='bbox 197 2429 367 2488; x_wconf 50' lang='lat' dir='ltr'>⁴inter</span> <span class='ocrx_word' id='word_1_159' title='bbox 424 2451 486 2488; x_wconf 91' lang='lat' dir='ltr'>se</span> <span class='ocrx_word' id='word_1_160' title='bbox 545 2432 662 2487; x_wconf 90' lang='lat' dir='ltr'>duo</span> <span class='ocrx_word' id='word_1_161' title='bbox 730 2431 858 2488; x_wconf 84' lang='lat' dir='ltr'>haec</span> <span class='ocrx_word' id='word_1_162' title='bbox 923 2451 1155 2507; x_wconf 88' lang='lat' dir='ltr'>genera,</span> <span class='ocrx_word' id='word_1_163' title='bbox 1216 2432 1373 2506; x_wconf 89' lang='lat' dir='ltr'>quod</span> <span class='ocrx_word' id='word_1_164' title='bbox 1444 2433 1502 2487; x_wconf 90' lang='lat' dir='ltr'>in</span> <span class='ocrx_word' id='word_1_165' title='bbox 1565 2443 1816 2507; x_wconf 88' lang='lat' dir='ltr'>utroque</span> <span class='ocrx_word' id='word_1_166' title='bbox 1878 2434 1969 2491; x_wconf 92' lang='lat' dir='ltr'>vel</span> 
     </span>
     <span class='ocr_line' id='line_1_24' title="bbox 213 2527 1967 2603; baseline 0.003 -22"><span class='ocrx_word' id='word_1_167' title='bbox 213 2528 504 2602; x_wconf 74' lang='lat' dir='ltr'>praecipue</span> <span class='ocrx_word' id='word_1_168' title='bbox 542 2527 812 2603; x_wconf 84' lang='lat' dir='ltr'>regnabit</span> <span class='ocrx_word' id='word_1_169' title='bbox 854 2534 1014 2583; x_wconf 89' lang='lat' dir='ltr'>casta</span> <span class='ocrx_word' id='word_1_170' title='bbox 1056 2546 1123 2583; x_wconf 87' lang='lat' dir='ltr'>ac</span> <span class='ocrx_word' id='word_1_171' title='bbox 1169 2527 1264 2602; x_wconf 86' lang='lat' dir='ltr'>pia</span> <span class='ocrx_word' id='word_1_172' title='bbox 1295 2528 1559 2602; x_wconf 77' lang='lat' dir='ltr'>quaedam</span> <span class='ocrx_word' id='word_1_173' title='bbox 1600 2531 1967 2586; x_wconf 87' lang='lat' dir='ltr'>verecundia.</span> 
     </span>
     <span class='ocr_line' id='line_1_25' title="bbox 215 2622 1966 2699; baseline 0.001 -20"><span class='ocrx_word' id='word_1_174' title='bbox 215 2622 375 2679; x_wconf 89' lang='lat' dir='ltr'>Nam</span> <span class='ocrx_word' id='word_1_175' title='bbox 423 2632 484 2679; x_wconf 92' lang='lat' dir='ltr'>et</span> <span class='ocrx_word' id='word_1_176' title='bbox 537 2623 831 2679; x_wconf 88' lang='lat' dir='ltr'>Naturam</span> <span class='ocrx_word' id='word_1_177' title='bbox 885 2623 983 2699; x_wconf 76' lang='lat' dir='ltr'>qui</span> <span class='ocrx_word' id='word_1_178' title='bbox 1026 2642 1144 2678; x_wconf 89' lang='lat' dir='ltr'>non</span> <span class='ocrx_word' id='word_1_179' title='bbox 1190 2631 1414 2679; x_wconf 86' lang='lat' dir='ltr'>temere</span> <span class='ocrx_word' id='word_1_180' title='bbox 1458 2624 1783 2692; x_wconf 80' lang='lat' dir='ltr'>imitantur,</span> <span class='ocrx_word' id='word_1_181' title='bbox 1832 2645 1966 2681; x_wconf 92' lang='lat' dir='ltr'>cum</span> 
     </span>
     <span class='ocr_line' id='line_1_26' title="bbox 211 2719 1968 2794; baseline 0.001 -18"><span class='ocrx_word' id='word_1_182' title='bbox 211 2739 281 2776; x_wconf 92' lang='lat' dir='ltr'>ea</span> <span class='ocrx_word' id='word_1_183' title='bbox 310 2721 579 2794; x_wconf 77' lang='lat' dir='ltr'>quaedam</span> <span class='ocrx_word' id='word_1_184' title='bbox 624 2719 819 2775; x_wconf 86' lang='lat' dir='ltr'>celent</span> <span class='ocrx_word' id='word_1_185' title='bbox 859 2738 1095 2776; x_wconf 87' lang='lat' dir='ltr'>necesse</span> <span class='ocrx_word' id='word_1_186' title='bbox 1134 2727 1257 2787; x_wconf 82' lang='lat' dir='ltr'>est3</span> <span class='ocrx_word' id='word_1_187' title='bbox 1304 2721 1594 2776; x_wconf 85' lang='lat' dir='ltr'>duntaxat</span> <span class='ocrx_word' id='word_1_188' title='bbox 1625 2721 1698 2776; x_wconf 85' lang='lat' dir='ltr'>ad</span> <span class='ocrx_word' id='word_1_189' title='bbox 1738 2720 1868 2788; x_wconf 92' lang='lat' dir='ltr'>hoc,</span> <span class='ocrx_word' id='word_1_190' title='bbox 1900 2730 1968 2778; x_wconf 90' lang='lat' dir='ltr'>ut</span> 
     </span>
     <span class='ocr_line' id='line_1_27' title="bbox 211 2816 1968 2892; baseline 0.002 -19"><span class='ocrx_word' id='word_1_191' title='bbox 211 2818 393 2873; x_wconf 90' lang='lat' dir='ltr'>tacito</span> <span class='ocrx_word' id='word_1_192' title='bbox 439 2817 634 2892; x_wconf 90' lang='lat' dir='ltr'>potius</span> <span class='ocrx_word' id='word_1_193' title='bbox 675 2824 736 2872; x_wconf 92' lang='lat' dir='ltr'>et</span> <span class='ocrx_word' id='word_1_194' title='bbox 774 2816 1043 2890; x_wconf 78' lang='lat' dir='ltr'>aequabili</span> <span class='ocrx_word' id='word_1_195' title='bbox 1086 2818 1341 2891; x_wconf 89' lang='lat' dir='ltr'>quodam</span> <span class='ocrx_word' id='word_1_196' title='bbox 1392 2825 1598 2874; x_wconf 90' lang='lat' dir='ltr'>tenore</span> <span class='ocrx_word' id='word_1_197' title='bbox 1645 2819 1715 2874; x_wconf 88' lang='lat' dir='ltr'>ad</span> <span class='ocrx_word' id='word_1_198' title='bbox 1764 2838 1968 2876; x_wconf 90' lang='lat' dir='ltr'>omnes</span> 
     </span>
     <span class='ocr_line' id='line_1_28' title="bbox 209 2913 1965 2989; baseline 0.001 -20"><span class='ocrx_word' id='word_1_199' title='bbox 209 2913 663 2988; x_wconf 86' lang='lat' dir='ltr'>pulchritudinis</span> <span class='ocrx_word' id='word_1_200' title='bbox 698 2913 924 2989; x_wconf 61' lang='lat' dir='ltr'>gradus&gt;</span> <span class='ocrx_word' id='word_1_201' title='bbox 953 2922 1277 2989; x_wconf 84' lang='lat' dir='ltr'>assurgant,</span> <span class='ocrx_word' id='word_1_202' title='bbox 1311 2932 1483 2988; x_wconf 87' lang='lat' dir='ltr'>quam</span> <span class='ocrx_word' id='word_1_203' title='bbox 1527 2915 1737 2979; x_wconf 83' lang='lat' dir='ltr'>subitO,</span> <span class='ocrx_word' id='word_1_204' title='bbox 1770 2923 1965 2989; x_wconf 87' lang='lat' dir='ltr'>atque,</span> 
     </span>
     <span class='ocr_line' id='line_1_29' title="bbox 209 3009 1962 3084; baseline 0.001 -18"><span class='ocrx_word' id='word_1_205' title='bbox 209 3018 276 3066; x_wconf 92' lang='lat' dir='ltr'>ut</span> <span class='ocrx_word' id='word_1_206' title='bbox 306 3011 472 3066; x_wconf 91' lang='lat' dir='ltr'>aiunt</span> <span class='ocrx_word' id='word_1_207' title='bbox 505 3009 944 3077; x_wconf 86' lang='lat' dir='ltr'>Mathematici,</span> <span class='ocrx_word' id='word_1_208' title='bbox 975 3029 1078 3084; x_wconf 89' lang='lat' dir='ltr'>per</span> <span class='ocrx_word' id='word_1_209' title='bbox 1120 3010 1332 3066; x_wconf 88' lang='lat' dir='ltr'>saltum</span> <span class='ocrx_word' id='word_1_210' title='bbox 1361 3029 1375 3077; x_wconf 79' lang='lat'><em>3</em></span> <span class='ocrx_word' id='word_1_211' title='bbox 1422 3009 1562 3084; x_wconf 90' lang='lat' dir='ltr'>(quo</span> <span class='ocrx_word' id='word_1_212' title='bbox 1594 3012 1706 3066; x_wconf 86' lang='lat' dir='ltr'>ritu</span> <span class='ocrx_word' id='word_1_213' title='bbox 1743 3014 1962 3068; x_wconf 86' lang='lat' dir='ltr'>moveri</span> 
     </span>
     <span class='ocr_line' id='line_1_30' title="bbox 210 3105 1964 3184; baseline 0.002 -22"><span class='ocrx_word' id='word_1_214' title='bbox 210 3106 400 3163; x_wconf 90' lang='lat' dir='ltr'>solent</span> <span class='ocrx_word' id='word_1_215' title='bbox 430 3107 531 3181; x_wconf 89' lang='lat' dir='ltr'>qui</span> <span class='ocrx_word' id='word_1_216' title='bbox 576 3106 633 3161; x_wconf 89' lang='lat' dir='ltr'>in</span> <span class='ocrx_word' id='word_1_217' title='bbox 678 3105 838 3181; x_wconf 84' lang='lat' dir='ltr'>vulgi</span> <span class='ocrx_word' id='word_1_218' title='bbox 880 3106 1079 3163; x_wconf 90' lang='lat' dir='ltr'>oculos</span> <span class='ocrx_word' id='word_1_219' title='bbox 1127 3108 1420 3163; x_wconf 77' lang='lat' dir='ltr'>incurrere</span> <span class='ocrx_word' id='word_1_220' title='bbox 1467 3126 1579 3162; x_wconf 90' lang='lat' dir='ltr'>non</span> <span class='ocrx_word' id='word_1_221' title='bbox 1626 3116 1902 3165; x_wconf 86' lang='lat' dir='ltr'>verentur</span> <span class='ocrx_word' id='word_1_222' title='bbox 1925 3114 1964 3184; x_wconf 76' lang='lat' dir='ltr'>z)</span> 
     </span>
     <span class='ocr_line' id='line_1_31' title="bbox 210 3203 1962 3278; baseline 0.001 -18"><span class='ocrx_word' id='word_1_223' title='bbox 210 3210 271 3260; x_wconf 85' lang='lat' dir='ltr'>et</span> <span class='ocrx_word' id='word_1_224' title='bbox 302 3204 570 3259; x_wconf 90' lang='lat' dir='ltr'>universa</span> <span class='ocrx_word' id='word_1_225' title='bbox 595 3203 845 3259; x_wconf 75' lang='lat' dir='ltr'>&#39;Pietatis</span> <span class='ocrx_word' id='word_1_226' title='bbox 876 3204 1044 3270; x_wconf 87' lang='lat' dir='ltr'>rati0,</span> <span class='ocrx_word' id='word_1_227' title='bbox 1067 3204 1461 3278; x_wconf 86' lang='lat' dir='ltr'>prudentioris</span> <span class='ocrx_word' id='word_1_228' title='bbox 1492 3211 1670 3271; x_wconf 85' lang='lat' dir='ltr'>certe,</span> <span class='ocrx_word' id='word_1_229' title='bbox 1697 3206 1769 3261; x_wconf 90' lang='lat' dir='ltr'>ad</span> <span class='ocrx_word' id='word_1_230' title='bbox 1801 3205 1962 3262; x_wconf 86' lang='lat' dir='ltr'>illam</span> 
     </span>
     <span class='ocr_line' id='line_1_32' title="bbox 210 3300 1964 3375; baseline 0.001 -20"><span class='ocrx_word' id='word_1_231' title='bbox 210 3301 482 3375; x_wconf 87' lang='lat' dir='ltr'>dirigitur</span> <span class='ocrx_word' id='word_1_232' title='bbox 512 3319 795 3367; x_wconf 86' lang='lat' dir='ltr'>normam,</span> <span class='ocrx_word' id='word_1_233' title='bbox 829 3320 956 3375; x_wconf 86' lang='lat' dir='ltr'>quae</span> <span class='ocrx_word' id='word_1_234' title='bbox 998 3301 1279 3357; x_wconf 89' lang='lat' dir='ltr'>divinitus</span> <span class='ocrx_word' id='word_1_235' title='bbox 1320 3300 1635 3357; x_wconf 87' lang='lat' dir='ltr'>adhibetur</span> <span class='ocrx_word' id='word_1_236' title='bbox 1666 3303 1724 3357; x_wconf 88' lang='lat' dir='ltr'>in</span> <span class='ocrx_word' id='word_1_237' title='bbox 1758 3301 1964 3358; x_wconf 80' lang='lat' dir='ltr'>Sacro—</span> 
     </span>
     <span class='ocr_line' id='line_1_33' title="bbox 210 3396 1965 3474; baseline 0.001 -21"><span class='ocrx_word' id='word_1_238' title='bbox 210 3397 424 3454; x_wconf 89' lang='lat' dir='ltr'>sanctis</span> <span class='ocrx_word' id='word_1_239' title='bbox 456 3396 689 3464; x_wconf 83' lang='lat' dir='ltr'>LiteriS,</span> <span class='ocrx_word' id='word_1_240' title='bbox 721 3404 789 3453; x_wconf 90' lang='lat' dir='ltr'>ut</span> <span class='ocrx_word' id='word_1_241' title='bbox 821 3397 1044 3454; x_wconf 89' lang='lat' dir='ltr'>lateant</span> <span class='ocrx_word' id='word_1_242' title='bbox 1086 3397 1431 3472; x_wconf 81' lang='lat' dir='ltr'>plerumque</span> <span class='ocrx_word' id='word_1_243' title='bbox 1464 3399 1688 3474; x_wconf 84' lang='lat' dir='ltr'>optima</span> <span class='ocrx_word' id='word_1_244' title='bbox 1718 3419 1965 3474; x_wconf 76' lang='lat' dir='ltr'>quaeque</span> 
     </span>
     <span class='ocr_line' id='line_1_34' title="bbox 209 3494 1962 3568; baseline 0.002 -19"><span class='ocrx_word' id='word_1_245' title='bbox 209 3495 426 3550; x_wconf 91' lang='lat' dir='ltr'>inertes</span> <span class='ocrx_word' id='word_1_246' title='bbox 466 3500 527 3549; x_wconf 91' lang='lat' dir='ltr'>et</span> <span class='ocrx_word' id='word_1_247' title='bbox 566 3494 882 3568; x_wconf 88' lang='lat' dir='ltr'>imparatos</span> <span class='ocrx_word' id='word_1_248' title='bbox 922 3495 1186 3562; x_wconf 82' lang='lat' dir='ltr'>animos3</span> <span class='ocrx_word' id='word_1_249' title='bbox 1247 3502 1374 3550; x_wconf 87' lang='lat' dir='ltr'>tum</span> <span class='ocrx_word' id='word_1_250' title='bbox 1405 3496 1647 3552; x_wconf 88' lang='lat' dir='ltr'>demum</span> <span class='ocrx_word' id='word_1_251' title='bbox 1689 3496 1797 3551; x_wconf 90' lang='lat' dir='ltr'>sub</span> <span class='ocrx_word' id='word_1_252' title='bbox 1829 3496 1962 3552; x_wconf 91' lang='lat' dir='ltr'>luce</span> 
     </span>
     <span class='ocr_line' id='line_1_35' title="bbox 209 3589 1959 3667; baseline 0.002 -22"><span class='ocrx_word' id='word_1_253' title='bbox 209 3590 389 3645; x_wconf 84' lang='lat' dir='ltr'>videri</span> <span class='ocrx_word' id='word_1_254' title='bbox 454 3589 657 3656; x_wconf 87' lang='lat' dir='ltr'>velint,</span> <span class='ocrx_word' id='word_1_255' title='bbox 717 3609 852 3646; x_wconf 91' lang='lat' dir='ltr'>cum</span> <span class='ocrx_word' id='word_1_256' title='bbox 922 3590 1071 3645; x_wconf 90' lang='lat' dir='ltr'>bene</span> <span class='ocrx_word' id='word_1_257' title='bbox 1130 3592 1361 3667; x_wconf 87' lang='lat' dir='ltr'>purgati</span> <span class='ocrx_word' id='word_1_258' title='bbox 1422 3592 1539 3647; x_wconf 89' lang='lat' dir='ltr'>sint</span> <span class='ocrx_word' id='word_1_259' title='bbox 1599 3592 1959 3648; x_wconf 83' lang='lat' dir='ltr'>intuentium</span> 
     </span>
    </p>
   </div>
  </div>
 </body>
</html>
