2288 4036
270 206 382 262 644
519 209 635 264 Cur
658 211 718 264 in
744 227 800 264 re
823 210 1020 265 rustica
1045 209 1247 282 aequius
1257 211 1455 282 seram
1479 211 1699 266 homines
1749 231 1914 265 PRAEL.
1928 231 2075 267 xxxx.

272 363 336 415 et
388 358 810 417 commistione
863 358 1223 417 animorum.
1324 358 1688 438 Quicunque
1733 358 1830 417 vel
1878 359 2079 437 aliqua

274 455 595 515 dulcedine
624 457 948 527 memoriae,
981 457 1080 516 vel
1109 464 1346 517 naturae
1366 460 1535 536 quasi
1560 458 1821 536 quodam
1851 458 2078 528 afflatu,

271 555 435 614 ultro
465 557 743 615 feruntur
771 557 833 614 in
863 575 1003 615 rura
1032 563 1217 634 atque
1249 559 1312 616 in
1344 558 1555 637 sylvaS,
1587 558 1681 616 his
1710 577 1954 617 necesse
1986 566 2078 617 est

273 653 370 712 vel
400 654 531 731 ipsa
559 655 795 712 mentio
823 674 1026 713 rerum
1058 674 1205 732 quas
1249 662 1458 715 amant
1498 662 1922 714 commoveant
1953 656 2079 714 ani-

272 769 423 821 mos,
463 752 633 829 quasi
685 772 885 811 coram
937 751 1126 813 oculis
1175 760 1601 832 spectatarum.
1694 753 1891 811 Iidem
1932 773 2077 811 mox

274 850 582 927 scriptoris
605 851 849 930 ingenio
873 848 1146 911 tribuent
1166 852 1418 912 fortasse
1438 872 1578 912 eum
1604 852 2076 928 calorem,quem

272 955 482 1008 tamen
526 951 753 1029 pariter
782 958 984 1010 essent
1015 952 1382 1029 concepturi,
1413 970 1657 1028 quoquo
1698 950 1853 1008 forte
1893 950 2076 1007 modo

274 1068 475 1108 coram
508 1068 571 1109 se
601 1070 696 1110 res
726 1051 1187 1110 adducerentur.
1265 1051 1364 1110 Ita
1393 1051 1518 1120 fiet,
1542 1057 1612 1108 ut
1643 1069 1847 1108 amore
1877 1067 2078 1126 prose-

273 1155 495 1225 quatur
522 1150 894 1209 mediocrem
926 1169 1168 1227 quoque
1200 1147 1456 1208 Poetam
1494 1149 1762 1208 maxima
1797 1167 1933 1225 pars
1969 1147 2078 1206 ho-

270 1248 524 1318 minum,
555 1249 738 1308 modo
783 1250 1010 1308 rustica
1051 1248 1276 1309 rustice
1322 1255 1579 1318 enarret,
1617 1247 1915 1307 naturalia
1959 1248 2078 1305 sin-

270 1365 407 1405 cere
427 1366 442 1418 ;
478 1367 678 1426 neque
701 1348 878 1407 facile
903 1349 1119 1419 ferent,
1139 1368 1393 1408 numero
1418 1367 1627 1407 eorum
1648 1349 1751 1426 qui
1775 1348 1901 1406 nati
1934 1352 2075 1406 sunt

270 1443 467 1506 Vates
507 1446 698 1506 talem
735 1448 962 1508 eximi:
1010 1449 1113 1526 qui
1156 1455 1363 1507 tamen
1395 1448 1497 1506 vix
1528 1448 1647 1506 alio
1681 1448 1821 1525 jure
1861 1445 2076 1506 ascribi

267 1547 457 1622 possit
488 1547 691 1606 divino
722 1548 935 1617 ordini,
968 1568 1038 1607 ac
1068 1547 1117 1606 si
1149 1547 1503 1606 colonorum
1546 1566 1704 1605 unus
1735 1547 1813 1606 sit
1842 1546 2075 1623 aliquis,

268 1645 371 1721 qui
417 1665 550 1722 quae
608 1654 947 1718 narrentur,
997 1648 1211 1706 eadem
1270 1666 1531 1725 praesens
1590 1646 1790 1705 faciat.
1880 1645 2075 1706 Verbi

267 1746 498 1823 gratiaz
544 1748 704 1825 apud
736 1747 1129 1805 Theocritum
1161 1766 1375 1805 canem
1413 1766 1590 1805 suum
1630 1747 1901 1824 increpat
1933 1745 2078 1805 Pas-

267 1850 365 1903 tor
410 1853 658 1923 propter
704 1846 1205 1924 intempestivum
1256 1865 1554 1915 somnum,
1608 1844 1787 1924 plane
1838 1865 1916 1905 ex
1961 1865 2075 1904 usu

269 1945 622 2023 quotidiano
652 1947 982 2026 agrestium
1015 1947 1280 2006 virorum
1299 1943 1348 2006 ¹¹.

508 2093 542 2139 ὦ
565 2095 802 2154 Λάμπουρε
823 2093 950 2148 κύων,
974 2093 1088 2140 οὕτω
1108 2094 1250 2149 βαθὺς
1269 2093 1404 2142 ὕπνος
1425 2095 1519 2154 ἔχει
1539 2095 1620 2150 τῦ;

509 2168 560 2213 οὗ
581 2167 668 2228 χρὴ
691 2168 930 2227 κοιμᾶσθαι
949 2167 1123 2222 βαθέως
1144 2168 1228 2214 σὺν
1247 2168 1371 2214 παιδὶ
1392 2168 1589 2227 νέμοντα.

268 2292 417 2352 Non
469 2294 672 2371 potuit
725 2292 1090 2371 simplicius:
1146 2293 1361 2352 eodem
1406 2293 1586 2371 plane
1636 2313 1731 2353 res
1781 2295 1956 2364 redit,
2003 2314 2074 2354 ac

265 2394 450 2470 siquis
481 2394 695 2452 eadem
727 2393 912 2452 verba
944 2394 1062 2451 dici
1093 2393 1319 2461 audiat,
1351 2392 1450 2451 vel
1494 2394 1557 2450 in
1599 2393 1850 2453 stabulis
1881 2393 1977 2452 vel
2009 2395 2073 2452 in

264 2513 429 2572 agrO.
521 2492 735 2570 Siquid
770 2493 958 2572 igitur
986 2492 1175 2551 habet
1215 2491 1322 2551 ille
1352 2511 1575 2562 verSUS,
1611 2493 1770 2571 quod
1801 2495 2073 2552 animum

266 2599 648 2652 commoveat
680 2612 800 2669 quo
830 2611 1000 2650 more
1031 2591 1188 2650 solet
1220 2590 1445 2661 PoesiS,
1478 2591 1639 2668 quod
1684 2591 1870 2651 habet
1907 2599 2073 2651 certe

266 2689 540 2767 pluribus
572 2691 649 2749 de
685 2691 915 2760 causis3
966 2691 1082 2749 erit
1126 2691 1190 2748 in
1235 2690 1437 2758 dubio,
1471 2689 1756 2748 Poeticus
1789 2689 1895 2748 ille
1940 2709 2074 2750 sen-

262 2809 366 2848 ·sus
405 2797 613 2848 utrum
653 2790 730 2848 ad
764 2788 1138 2867 Scriptorem
1169 2809 1247 2848 an
1276 2808 1420 2847 vero
1465 2790 1540 2848 ad
1587 2789 1894 2868 legentem
1938 2811 2073 2868 per-

265 2888 478 2947 tineat.
554 2887 768 2967 Atque
798 2889 915 2948 hoc
947 2889 1300 2968 exemplum
1331 2889 1623 2949 latissime
1653 2897 1857 2967 patet:
1892 2896 1962 2948 ut
1991 2910 2071 2949 ne

265 2994 451 3066 neget
480 2987 695 3065 aliquis
727 3008 790 3047 se
820 2988 1165 3068 intelligere
1195 2990 1626 3048 admoventem
1662 2988 1763 3048 alii
1794 2989 2070 3048 stimulos

266 3087 485 3163 quibus
531 3087 659 3164 ipse
712 3095 949 3157 careat3
1004 3108 1160 3147 neve
1205 3090 1478 3159 miretur,
1519 3089 1891 3147 imitatorem
1928 3089 2072 3148 Vir-

263 3183 479 3262 gilium
524 3186 768 3263 propius
808 3187 1018 3246 abesse
1048 3207 1084 3246 a
1113 3188 1383 3247 fontibus
1424 3209 1545 3248 suae
1575 3189 1854 3258 PoeseOS,
1887 3207 2070 3266 quam

265 3283 674 3356 Theocritum,
705 3287 944 3363 generis
974 3294 1286 3346 auctorem
1318 3295 1381 3346 et
1412 3288 1766 3366 principem.

349 3382 478 3443 Vos
522 3392 748 3454 autem,
786 3384 1142 3445 Academici
1176 3387 1451 3464 juveneS,
1498 3388 1854 3464 neutiquam
1899 3386 2066 3445 eritis

884 3591 910 3623 ¹¹
931 3592 1123 3637 Theocr.
1147 3594 1280 3651 Idyll.
1305 3594 1348 3638 8.
1374 3594 1447 3649 65.
