2288 4036
312 197 426 253 590
524 194 752 249 Chorioa
778 192 928 265 apud
951 192 1293 265 Euripidem,
1319 194 1511 264 soepius
1534 193 1725 257 aliena,
1784 211 1946 245 PRAEL.
1964 211 2117 245 xx1x.

315 343 676 413 “Quorsum
732 340 935 399 haec!’'
981 341 1145 398 dicat
1196 340 1428 417 aliquiS,
1485 348 1734 417 “neque
1780 348 2118 418 opportuna

314 460 514 518 neque
553 441 796 517 penitus
841 458 998 496 nova
1014 438 1071 497 ?”
1132 437 1507 496 Crediderim
1549 445 1755 497 autem
1797 459 1868 498 ea
1907 445 2115 496 mente

311 541 603 609 adhiberi,
640 546 711 596 ut
757 558 835 596 ex
880 538 1130 596 adversa
1176 543 1346 614 parte
1392 537 1583 615 magis
1623 538 1887 595 emineat
1932 545 2116 613 atque

313 647 517 698 exstet
547 638 826 696 militaris
851 636 957 694 illa
978 637 1195 694 Thesei
1227 636 1508 712 majestas
1531 643 1594 693 et
1624 637 1946 713 prudentia
1973 656 2116 714 rege

312 738 685 816 dignissima.
776 736 1054 806 Quacum
1091 736 1277 793 etiam
1322 755 1440 792 non
1488 735 1648 793 male
1679 736 1998 793 convenire
2029 736 2116 792 vi-

312 839 494 896 detur
524 837 794 913 ejusdem
818 835 1055 903 Thesei,
1080 834 1316 913 longior
1344 833 1506 902 licet,
1531 835 1739 902 oratiO,
1761 834 2115 912 longiusque

313 938 526 1015 petita,
567 955 749 1013 quam
794 935 982 993 habet
1035 934 1147 992 sub
1197 934 1371 991 initio
1418 933 1580 992 illius
1631 933 1986 1012 Tragoediae,
2039 935 2116 992 de

313 1036 581 1095 utilitate
613 1043 676 1093 et
707 1034 1041 1093 commodis
1073 1034 1211 1092 vitae
1243 1030 1499 1092 oivilisi:

798 1163 931 1221 ἔλεξε
951 1163 1036 1222 γάρ
1061 1181 1141 1215 τις,
1162 1163 1222 1210 ὡς
1242 1164 1297 1208 τὰ
1316 1164 1498 1223 χείρονα

675 1238 816 1283 πλείω
836 1238 1073 1298 βροτοῖσίν
1088 1238 1193 1284 ’ἐστι
1214 1244 1302 1284 τῶν
1321 1240 1570 1298 ἀμεινόνων·

678 1314 764 1373 ἐγὼ
787 1314 834 1358 δὲ
855 1312 1027 1361 τούτοις
1047 1313 1198 1359 ἀντίαν
1216 1315 1391 1374 γνώμην
1411 1315 1515 1374 ἔχω.

310 1435 542 1506 Quidni
591 1434 717 1492 haec
764 1434 1013 1503 diceret,
1052 1454 1172 1511 quo
1219 1443 1347 1493 erat
1393 1435 1687 1505 acumine,
1721 1435 1874 1503 Rex,
1907 1455 2115 1494 eorum

310 1555 497 1604 more,
532 1535 641 1611 qui
684 1540 999 1592 versantur
1050 1535 1113 1591 in
1163 1534 1426 1593 consiliis
1477 1534 1751 1612 publicis,
1793 1536 2011 1612 quibus
2052 1542 2117 1594 et

310 1641 513 1692 tacere
560 1640 652 1691 est
695 1640 892 1710 turpe,
940 1639 1003 1691 et
1049 1633 1350 1710 supplices
1391 1634 1584 1691 nimia
1629 1652 1733 1710 spe
1779 1634 1983 1692 fovere
2027 1635 2118 1691 in·-

306 1732 743 1792 commodum?
814 1731 963 1790 Non
1006 1733 1213 1809 itaque
1259 1733 1482 1810 inepte,
1525 1733 1639 1790 etsi
1684 1752 2117 1810 nonnunquam

309 1837 519 1912 inepto
551 1853 846 1902 sermone,
880 1841 1123 1911 tempus
1155 1841 1380 1893 terunt.

397 1933 610 2012 Atque
650 1934 744 1992 his
789 1934 1139 2003 rationibus,
1172 1935 1274 2011 qui
1309 1935 1457 1993 velit
1489 1955 1619 1995 esse
1649 1937 1851 1994 fautor
1888 1934 2119 2012 Euripi-

310 2036 420 2104 dis,
476 2035 702 2112 poterit
749 2054 890 2092 eum
943 2054 1065 2091 non
1118 2055 1250 2092 raro
1299 2055 1589 2114 purgare:
1644 2038 1731 2095 ita
1776 2043 1999 2104 tamen,
2046 2042 2116 2093 ut

309 2135 614 2212 supersint
656 2135 812 2192 bene
853 2133 1066 2203 multa,
1109 2154 1186 2191 ne
1233 2135 1428 2193 dicam
1474 2136 1662 2213 plura,
1709 2156 1841 2213 quae
1888 2135 2119 2194 incuria

310 2242 479 2293 certe
510 2234 682 2292 fundi
716 2234 1017 2292 fateamur
1056 2253 1302 2293 necesse
1339 2236 1474 2293 erit.
1566 2236 1740 2294 Idem
1771 2236 1834 2293 in
1865 2235 2118 2294 choricis

310 2355 555 2412 quoque
596 2336 726 2411 ejus
763 2334 950 2410 (quod
982 2332 1241 2392 alterum
1281 2343 1410 2392 erat
1455 2335 1878 2394 accusantibus
1909 2337 2116 2416 caput)

314 2435 411 2494 vel
442 2435 728 2494 audacius
760 2433 941 2491 velim
976 2433 1226 2503 dictum,
1260 2432 1598 2493 Aristotele
1629 2435 1820 2493 fretus
1850 2441 2117 2504 auctore,

311 2537 416 2613 qui
470 2534 708 2593 disertis
762 2533 960 2591 verbis
1014 2532 1301 2611 Sophocli
1364 2554 1442 2593 ex
1501 2534 1614 2593 hac
1673 2542 1845 2611 parte
1903 2534 2118 2592 tribuit

313 2635 601 2713 palmam.
691 2630 863 2691 ι(Τὸν
907 2631 1104 2715 χορὸν,
1149 2634 1367 2711 inquit,
1405 2635 1498 2692 ἕνα
1541 2633 1621 2692 δεῖ
1661 2635 1972 2706 ὑπολαβεῖν
2007 2637 2118 2692 τῶν

313 2738 646 2817 ὑποκριτῶν,
668 2734 756 2792 καὶ
788 2732 987 2815 μόριον
1019 2733 1150 2792 εἶναι
1182 2740 1288 2793 τοῦ
1318 2734 1472 2805 ὅλου,
1502 2734 1590 2792 καὶ
1624 2731 2116 2817 συναγωνίζεσθαι·

312 2835 387 2905 μὴ
436 2833 628 2915 ὥσπερ
670 2836 806 2915 παρ’
853 2832 1147 2913 Εὐριπίδῃ,
1189 2834 1322 2892 ἀλλ’
1363 2832 1556 2916 ὥσπερ
1603 2832 1758 2915 παρὰ
1802 2834 2113 2916 Σοφοκλεῖ·

309 2943 435 2997 τοῖς·
467 2932 523 2992 δὲ
553 2940 776 2997 λοιποῖς
806 2931 881 2992 τὰ
917 2932 1171 3002 διδομένα
1196 2934 1258 2991 οὔ
1283 2936 1510 3002 μᾶλλον
1540 2939 1646 2993 τοῦ
1673 2935 1847 3003 μύθου
1876 2933 1906 3002 ’ἦ
1937 2933 2118 3002 ἄλλης·

312 3031 632 3115 τραγωδίας
662 3033 806 3091 ἐστι’.
896 3031 1137 3091 Videtis
1175 3034 1470 3101 omnibUS,
1504 3039 1762 3111 excepto
1797 3016 2116 3110 Sophocle,

314 3134 463 3192 vitio
509 3133 662 3190 verti
709 3134 872 3210 quod
925 3133 988 3190 in
1030 3132 1301 3191 Choricis
1345 3133 1622 3192 cantibus
1668 3133 1833 3191 abire
1882 3131 2115 3190 soleant

312 3235 376 3292 in
435 3232 553 3292 alia
612 3233 833 3301 omnia,
887 3240 1067 3310 prout
1128 3234 1347 3310 cuique
1401 3235 1563 3292 domi
1617 3234 1678 3290 in
1742 3232 1964 3291 chartis
2017 3232 2114 3302 sit,

307 3333 476 3410 quod
521 3331 815 3409 populum
868 3330 1189 3408 splendore
1230 3332 1327 3391 vel
1376 3334 1577 3391 sonitu
1626 3339 1868 3410 captare
1909 3331 2114 3409 possit.

316 3431 540 3509 Ecquis
570 3430 795 3509 neget?
842 3433 956 3490 etsi
987 3431 1099 3490 hac
1132 3452 1372 3509 quoque
1403 3452 1480 3490 ex
1511 3438 1682 3510 parte
1713 3431 1853 3489 nolo
1884 3437 2114 3489 temere

505 3639 702 3699 isuppl.
732 3641 831 3700 198.
1603 3639 1622 3665 k
1646 3640 1770 3685 Poet.
1796 3653 1833 3684 c.
1858 3653 1932 3698 32.
