2288 4036
188 278 344 312 PRAEL.
367 279 477 310 xxn
588 257 684 310 Zooi
708 276 769 310 ao
793 258 1032 327 tewqooris
1057 256 1300 309 rationem
1325 255 1534 307 servari.
1827 256 1935 311 389

190 400 286 457 Ex
317 402 527 476 quibus
571 400 926 477 intelligitur
967 398 1160 474 plane,
1191 396 1352 472 loqui
1383 414 1480 452 eas
1518 395 1580 452 in
1616 400 1938 470 conspectu

190 497 315 571 ejus
345 496 653 572 sepulchri,
685 496 840 571 quod
872 501 1040 552 tanto
1070 493 1289 552 affectu
1318 497 1689 549 venerantur.
1764 490 1940 558 Quod

191 593 370 670 etiam
419 593 528 650 sub
571 593 740 648 initio
787 591 1088 648 Poematis
1137 589 1492 664 profitentur
1540 607 1576 645 a
1627 606 1689 644 se
1740 586 1939 644 altaris

190 687 320 744 loco
370 688 589 745 haberi.
695 687 790 744 Ita
840 687 1016 755 enim,
1066 685 1318 745 Electrae
1369 683 1720 751 consulenti,
1772 702 1938 741 suam

190 784 480 857 spondent
510 802 746 859 operam
766 779 809 850 d,

543 923 766 981 αἰδουμένη
790 941 877 975 σοι,
898 924 1048 980 βῶμον
1068 923 1138 975 ὣς,
1160 922 1324 979 τύμβον
1343 922 1518 980 πατρὸς,

540 997 671 1052 λέξω,
694 994 881 1042 κελεύεις
900 997 999 1053 γὰρ,
1021 996 1097 1039 τὸν
1118 995 1162 1038 ἐκ
1184 995 1344 1052 φρενὸς
1362 996 1511 1052 λόγον.

267 1116 476 1174 Nolite
506 1124 715 1193 putare
738 1136 868 1174 eam
893 1135 1019 1173 rem
1042 1114 1137 1172 vel
1167 1134 1307 1172 casu
1329 1113 1614 1180 adhiberi,
1634 1111 1729 1170 vel
1752 1131 1940 1170 scenae

190 1215 538 1272 adornandae
588 1215 792 1289 gratia.
881 1212 1098 1277 PrimO,
1151 1210 1299 1269 illud
1350 1210 1561 1285 ipsum,
1607 1209 1771 1284 'quod
1823 1229 1942 1266 uno

191 1312 518 1385 eodemque
562 1310 693 1367 loco
738 1309 1047 1367 conficitur
1089 1309 1296 1373 omnis,
1328 1313 1550 1382 quanta
1578 1312 1800 1380 quanta
1835 1313 1942 1373 est,

189 1405 404 1473 fabula,
444 1406 574 1480 quis
611 1406 800 1462 nescit
843 1405 918 1462 ad
962 1403 1405 1479 simplicitatem
1451 1402 1713 1458 maxime
1763 1401 1945 1477 perti-

189 1520 345 1568 nere,
383 1507 562 1576 atque
605 1502 680 1558 ad
719 1507 1020 1558 austerum
1062 1507 1124 1557 et
1167 1517 1345 1575 grave
1385 1498 1678 1555 scribendi
1721 1516 1942 1574 genus:

190 1616 372 1673 quum
414 1617 485 1655 ea
522 1597 622 1655 lex
661 1606 892 1655 servata
934 1596 1029 1654 vel
1064 1596 1356 1672 praecipue
1397 1596 1474 1651 sit
1512 1595 1575 1651 in
1619 1613 1809 1662 causa,
1840 1614 1946 1652 cur

189 1692 422 1768 gravior
466 1692 815 1768 plerumque
862 1712 931 1767 ac
976 1692 1231 1749 severior
1273 1691 1565 1748 habeatur
1600 1690 1951 1747 Graecanica

189 1786 515 1864 Tragoedia,
550 1808 726 1864 quam
770 1787 1009 1845 nostra?
1084 1787 1220 1858 Quo
1264 1793 1467 1844 autem
1511 1787 1833 1862 simplicior
1875 1806 1944 1844 ac

190 1884 460 1951 severior,
492 1903 562 1941 eo
592 1891 753 1942 certe
784 1883 1015 1959 dignior
1044 1890 1171 1939 erat
1200 1881 1419 1957 regula,
1452 1881 1548 1938 cui
1578 1888 1811 1956 pareret
1855 1901 1946 1939 re-

189 1977 408 2054 ligiosae
459 1977 725 2035 formulae
773 1977 1037 2052 scriptor.
1126 1976 1298 2033 Idem
1350 1977 1534 2033 etiam
1583 1976 1677 2049 (ut
1728 1979 1945 2034 cursim

188 2073 563 2150 admoneam)
594 2073 839 2130 retinuit
867 2071 1032 2133 illam
1062 2092 1296 2149 quoque
1325 2072 1571 2130 alteram
1603 2073 1947 2149 simplicita-

188 2170 267 2226 tis
309 2170 568 2244 pristinae
606 2176 855 2245 partem,
887 2188 1064 2245 quam
1096 2171 1160 2226 in
1188 2168 1645 2246 Agamemnone
1682 2170 1808 2244 ipse
1843 2188 1946 2226 ne·-

188 2265 474 2342 glexerat,
514 2265 696 2332 illam,
733 2267 991 2341 inquam,
1022 2285 1150 2343 quae
1194 2267 1388 2342 posita
1427 2273 1518 2323 est
1556 2267 1619 2322 in
1662 2267 1946 2341 temporis

189 2362 417 2418 ratione
460 2362 780 2419 servanda:
830 2382 906 2419 ne
951 2362 1180 2419 scilicet
1224 2363 1286 2418 in
1333 2362 1577 2440 longum
1622 2363 1798 2419 nimis
1842 2381 1947 2421 ex-

190 2464 387 2514 currat
418 2477 510 2514 res
538 2458 600 2514 in
629 2458 864 2515 theatro
894 2466 1043 2527 acta,
1074 2477 1225 2515 neve
1256 2477 1431 2515 scena
1465 2459 1526 2515 in
1566 2458 1945 2535 paucissimas

189 2552 361 2609 horas
412 2554 777 2630 constringat
829 2561 1094 2622 eventus,
1140 2573 1286 2630 quos
1336 2555 1398 2610 in
1451 2573 1739 2611 annorum
1792 2554 1947 2610 forte

188 2648 447 2723 plurium
486 2652 742 2725 spatium
778 2650 1025 2707 diffundi
1070 2651 1195 2707 vita
1236 2656 1418 2724 atque
1463 2651 1678 2707 veritas
1711 2649 1941 2724 jubeat.

192 2743 496 2801 Nimirum
546 2746 607 2801 in
652 2743 1105 2821 Agamemnone
1148 2745 1335 2820 Trojae
1379 2765 1581 2803 casum
1632 2746 1945 2803 intervallo

189 2839 354 2896 nullo
385 2839 608 2915 excipit
638 2840 998 2917 Argivorum
1033 2841 1275 2907 reditus
1307 2860 1485 2915 quem
1516 2842 1711 2899 sciunt
1742 2860 1946 2899 omnes

190 2934 515 2992 multorum
562 2936 741 2993 fuisse
787 2936 1080 2993 mensium
1131 2936 1460 3013 negotium.
1556 2937 1798 3004 Rursus,
1843 2922 1946 2994 ubi

191 3031 420 3105 scripsit
450 3031 810 3089 Eumenidas
832 3031 1160 3108 AEschyIUS‚
1191 3051 1311 3089 non
1341 3033 1638 3090 dubitavit
1666 3034 1729 3090 in
1757 3052 1945 3089 unum

189 3125 452 3183 conferre
496 3127 748 3184 discreta
787 3129 968 3185 tantis
1012 3135 1075 3184 et
1125 3129 1240 3185 loci
1284 3136 1347 3186 et
1390 3130 1675 3204 temporis
1718 3130 1941 3204 spatiiS‚

190 3221 421 3294 quantis
450 3240 485 3278 a
513 3241 658 3297 rupe
691 3221 983 3298 Delphica
1022 3223 1281 3281 distabat
1312 3223 1680 3300 Areopagus.
1771 3223 1943 3280 Nihil

190 3334 422 3390 prorsus
479 3317 599 3374 tale
662 3318 818 3393 apud
879 3317 1299 3394 Cho’e‘phoras:
1367 3321 1691 3396 exiguntur
1748 3321 1947 3376 omnia

190 3411 377 3486 rigide
429 3419 490 3468 et
538 3420 809 3470 accurate
860 3415 932 3470 ad
986 3433 1116 3472 eam
1168 3435 1452 3483 normam,
1506 3435 1683 3491 quam
1735 3415 1943 3483 volunt

885 3594 901 3618 ‘¹
928 3595 1113 3651 Cho‘e‘pk.
1144 3610 1239 3649 104.
