2288 4036
305 172 415 229 670
531 173 796 245 Viryilius
822 173 1063 244 quomodo
1076 171 1329 244 fabulosa
1353 173 1689 245 mitiyaverit.
1729 193 1888 228 PRAEL.
1912 194 2106 229 xxxm.

551 317 882 376 Speluncisque
903 318 1031 361 locus
1055 317 1250 370 clausos,
1271 318 1492 377 lucosque
1513 325 1742 371 sonantes,

549 391 666 444 Ibat,
690 398 734 435 et
754 390 930 448 ingenti
950 397 1081 435 motu
1104 390 1382 448 stupefactus
1404 406 1626 450 aquarum

550 463 720 508 Omnia
741 464 827 509 sub
849 479 1017 523 magna
1036 464 1236 510 labentia
1255 464 1446 509 flumina
1464 471 1584 509 terra

549 537 792 596 Spectabat
815 537 992 582 diversa
1011 537 1139 589 locis,
1164 537 1440 597 Phasimque
1463 538 1744 598 Lycumque,

548 611 609 656 Et
631 619 766 670 caput
786 611 910 655 unde
931 612 1050 670 altus
1072 612 1273 670 primum
1295 627 1343 656 se
1364 612 1561 670 erumpit
1583 612 1803 670 Enipeus,

548 686 686 730 Unde
707 693 835 744 pater
853 686 1112 740 Tiberinus,
1136 695 1180 731 et
1200 686 1326 732 unde
1346 687 1524 731 Aniena
1543 687 1728 740 fluenta,

549 758 868 819 Saxosumque
890 774 1059 804 sonans
1085 759 1311 819 Hypanis,
1334 759 1592 820 Mysusque
1615 759 1796 813 Caicus,

548 832 608 876 Et
628 833 811 891 gemina
832 841 1017 878 auratus
1037 834 1218 878 taurino
1241 848 1414 878 cornua
1433 835 1566 878 vultu

548 906 793 959 Eridanus,
813 922 905 966 quo
927 922 1022 951 non
1043 907 1157 951 alius
1181 923 1260 965 per
1281 908 1470 966 pinguia
1491 908 1615 952 culta

550 979 604 1024 In
627 995 749 1025 mare
771 996 1054 1039 purpureum
1075 981 1313 1026 violentior
1335 982 1483 1026 influit
1504 983 1666 1026 amnis.

393 1105 545 1164 Haec
587 1106 788 1165 omnia
836 1106 911 1164 de
953 1105 1200 1165 latebris
1235 1126 1526 1184 aquarum
1566 1126 1689 1165 non
1732 1108 1948 1177 minus,
1981 1110 2108 1185 opi-

304 1225 435 1275 nor,
481 1203 747 1263 fabulam
803 1204 1098 1275 redolent,
1145 1225 1340 1283 neque
1401 1206 1635 1282 parcius
1686 1207 1978 1265 recedunt
2029 1208 2106 1266 ab

306 1304 618 1362 oculorum
656 1305 908 1382 judicio,
955 1311 1140 1382 atque
1179 1325 1215 1363 a
1258 1312 1548 1363 consueto
1590 1306 1830 1363 vivendi
1877 1313 2104 1376 tenore,

306 1424 487 1481 quam
525 1404 629 1463 illa
660 1405 959 1464 Ovidiana
991 1405 1066 1463 de
1098 1424 1356 1482 superna
1399 1405 1632 1483 ignium
1663 1404 1863 1462 dom0.
1932 1405 2106 1465 Fecit

305 1510 512 1562 autem
567 1504 953 1563 suavissimus
1005 1503 1245 1573 artifex,
1292 1511 1361 1561 ut
1414 1503 1638 1580 injecta
1684 1502 2105 1580 speluncarum

306 1603 634 1671 mentione,
667 1620 796 1660 rem
828 1621 1072 1659 omnem
1104 1602 1272 1678 quasi
1304 1601 1572 1659 traderet
1612 1619 1683 1658 ac
1720 1603 2106 1661 commenda-

304 1706 399 1757 ret
437 1700 735 1767 omnibus‚
769 1699 868 1776 qui
916 1698 1043 1757 ullo
1084 1707 1360 1777 tempore
1404 1699 1726 1757 habuerint
1770 1700 1831 1757 in
1878 1699 2107 1760 deliciis

305 1806 479 1857 antra
508 1806 572 1857 et
607 1799 850 1857 “fontes
883 1799 1140 1876 vivoque
1171 1799 1383 1858 sedilia
1413 1799 1610 1868 saXO,”
1643 1806 1706 1856 et
1735 1809 1952 1857 caetera
1980 1820 2107 1857 om-

305 1900 421 1968 nia,
455 1918 711 1975 quorum
750 1918 933 1976 opera
967 1899 1233 1957 mulcere
1274 1918 1344 1957 ac
1385 1917 1599 1976 capere
1644 1897 1840 1956 solent
1883 1907 2109 1958 morta-

306 1997 457 2055 lium
489 1998 721 2056 animos
751 2018 941 2056 vacua
971 1997 1246 2056 littorum
1277 1998 1487 2075 spatia,
1509 2004 1570 2056 et
1597 1995 1826 2056 Oceani
1857 1998 2108 2066 sonitus,

307 2099 451 2174 quin
484 2103 546 2154 et
578 2098 878 2155 undarum
910 2097 1013 2155 ille
1045 2097 1252 2175 pulsus
1283 2105 1346 2156 et
1377 2098 1591 2157 surdus
1621 2098 1822 2155 nescio
1854 2097 1956 2173 qui
1987 2104 2110 2154 tre-

307 2217 457 2265 mor,
496 2216 615 2273 quo
661 2198 902 2274 penitus
948 2197 1234 2274 compleri
1281 2198 1558 2255 novimus
1599 2197 1892 2274 ejusmodi
1939 2196 2105 2254 loca:

307 2317 384 2354 ne
426 2297 582 2354 forte
623 2316 743 2354 non
789 2304 990 2355 tactus
1035 2298 1241 2364 etiam,
1273 2304 1490 2374 praeter
1526 2296 1731 2355 oculos
1776 2303 1959 2373 atque
2003 2315 2110 2354 au-

307 2416 417 2465 reS‚
449 2396 755 2454 infinitum
796 2395 1040 2472 aliquod
1085 2396 1361 2472 proxime
1407 2395 1615 2454 abesse
1656 2395 1890 2453 doceat.
1979 2393 2110 2454 Ha-

307 2515 462 2564 rum,
510 2496 775 2572 inquam,
823 2494 1176 2552 deliciarum
1234 2494 1547 2552 mentione
1606 2493 1912 2571 mitigavit
1962 2513 2110 2570 quo-

309 2595 632 2652 dammodo
658 2593 931 2671 Scriptor
953 2592 1219 2651 fabulam
1253 2612 1441 2662 suam,
1463 2600 1526 2651 et
1547 2593 1610 2650 in
1634 2611 1769 2651 eam
1799 2592 2107 2670 regionem

307 2692 636 2762 transtulit,
668 2694 773 2751 ubi
804 2693 965 2751 ultro
996 2693 1334 2770 spatiantur
1362 2692 1656 2751 homines.

398 2790 496 2851 Ex
538 2792 632 2851 his
677 2791 1094 2870 intelligimus,
1126 2792 1174 2849 si
1206 2811 1324 2868 qua
1355 2792 1681 2850 occurrerit
1710 2790 1947 2869 pictura
1978 2809 2110 2867 quae

307 2912 416 2970 per
446 2913 509 2951 se
541 2891 637 2951 vel
668 2893 985 2970 peregrina
1013 2891 1107 2950 vel
1139 2892 1396 2949 nimium
1429 2892 1680 2949 fortasse
1710 2892 1789 2949 sit
1820 2889 2109 2959 fabulosa,

308 2993 539 3050 mederi
581 2992 839 3050 voluisse
879 3011 1131 3070 magnos
1176 2991 1320 3050 olim
1364 2991 1683 3069 scriptores
1735 2990 1834 3048 isti
1882 2990 2110 3047 incom—

308 3092 508 3161 mod0,
543 3091 768 3168 duplici
804 3091 995 3149 ferme
1029 3091 1320 3149 formula:
1367 3111 1507 3151 cum
1548 3090 1768 3168 partim
1810 3108 1938 3146 rem
1978 3089 2112 3146 uui-

310 3210 546 3250 versam
594 3199 875 3249 ornarent
923 3190 1059 3248 luce
1105 3191 1363 3268 quadam
1405 3192 1549 3266 eju&
1596 3208 1775 3266 quam
1826 3189 2109 3256 diximus,

311 3289 647 3368 Analogiae,
679 3291 899 3367 partim
938 3290 1098 3347 bono
1140 3289 1385 3358 lumine,
1417 3288 1584 3366 quasi
1626 3288 1894 3355 fortuit0,
1927 3285 2109 3344 collo-

312 3396 520 3448 carent
549 3389 690 3447 hinc
721 3388 863 3446 inde
895 3396 1213 3447 consuetas
1243 3395 1307 3446 et
1339 3388 1698 3446 domesticas
1728 3405 1840 3444 res.
1924 3384 2107 3442 Nunc

312 3488 627 3546 redeamus
658 3488 731 3546 ad
769 3487 1156 3545 Lucretium:
1200 3488 1301 3563 qui
1334 3488 1444 3544 etsi
1484 3506 1604 3544 non
1645 3484 1839 3543 multa
1868 3483 2105 3547 habeat,

314 3605 444 3661 quae
477 3594 582 3644 aut
613 3585 884 3644 fabulosa
921 3587 1039 3644 sint
1080 3593 1184 3643 aut
1230 3585 1560 3662 peregrina,
1592 3602 1710 3639 non
1744 3591 1948 3640 tamen
1981 3599 2106 3637 om-
