2288 4036
126 205 279 237 PRAEL.
304 203 451 236 xxm.
635 182 716 233 De
730 199 940 250 precum
965 198 1140 232 aarum
1165 180 1370 232 ratione.
1765 183 1870 237 459
1933 208 1939 211 ·

474 321 794 383 χειμωνοτύπῳ,
814 325 976 379 βροντῇ
1000 324 1191 380 στεροπῇ

475 395 527 448 τ’,
549 396 898 453 ὀμβροφόροισιν
917 393 952 438 τ’
976 394 1144 451 ἀνέμοις
1164 394 1314 451 ἀγρίας

477 468 582 514 ἁλὸς
601 465 859 523 ἀντήσαντες
879 466 1064 510 ὄλοιντο.

130 567 243 623 Eas
286 565 358 622 ad
404 572 713 637 utramque
758 580 879 616 rem
930 580 1100 617 voees
1145 561 1448 628 adhibent,
1486 581 1620 636 quae
1665 581 1874 617 eonve-

127 664 290 719 niant
347 659 559 736 puellis
618 657 800 715 semel
861 657 1038 713 modo
1098 657 1535 734 navigationem
1597 659 1873 732 expertis.

131 759 343 832 Neque
387 756 533 813 illud
579 757 785 830 opinor
829 754 1244 820 omittendum,
1289 754 1475 812 levius
1519 754 1676 821 lieet,
1718 755 1874 829 quod

128 856 334 911 mediis
368 855 425 909 in
460 852 756 909 doloribus
786 853 1185 907 meminerunt
1217 852 1490 915 vestium,
1522 852 1676 908 foede
1721 851 1874 908 laee-

127 959 399 1017 ratarum,
424 948 648 1005 solenni
680 948 1012 1024 lugentium
1045 967 1207 1004 more
1228 956 1271 1003 Υ.

476 1070 665 1113 πολλάκι
687 1067 722 1112 δ’
745 1069 930 1125 ἐμπιτνῶ
951 1068 1028 1123 ξὺν
1048 1069 1191 1111 λακίδι

477 1143 676 1192 λίνοισιν,
698 1140 722 1196 ἢ
747 1141 914 1197 Σιδονίᾳ
937 1140 1173 1199 καλύπτρᾳ.

133 1237 335 1293 Metus
371 1245 530 1293 certe
566 1237 779 1310 trepidi
819 1255 1036 1302 earum,
1069 1236 1272 1292 audito
1316 1238 1572 1311 primum
1612 1238 1684 1293 de
1729 1257 1877 1294 nave

127 1331 483 1409 AEgyptiaea
518 1333 767 1399 nunci03
813 1340 941 1388 tum
981 1334 1160 1388 etiam
1200 1351 1414 1407 anceps
1459 1333 1561 1389 illa
1605 1336 1876 1408 suspiciO,

128 1449 243 1509 qua
274 1429 604 1506 Pelasgum,
637 1429 1053 1505 benignissime
1085 1428 1462 1497 salutantem,
1485 1431 1585 1486 diu
1615 1430 1889 1487 reformi-'

129 1526 301 1582 dant:
347 1526 470 1583 haeo
494 1525 636 1582 talia
666 1533 819 1591 sunt,
846 1534 913 1582 ut
939 1533 1149 1601 sponte
1174 1526 1358 1583 cuivis
1382 1535 1708 1594 occurrant,
1728 1529 1878 1586 «ado-

127 1622 582 1679 lescentularum
613 1630 808 1698 partes
837 1623 1103 1699 fingenti.
1724 1679 1748 1695 „

212 1717 369 1774 Illud
399 1718 551 1775 forte
582 1719 871 1786 subtilius,
903 1720 1058 1793 quod
1098 1719 1322 1774 edoetae
1362 1738 1397 1775 a
1440 1728 1606 1794 patre
1636 1722 1875 1794 quinam

131 1813 393 1870 Deorum
424 1817 795 1889 potissimum
827 1816 943 1871 sint
974 1815 1302 1880 invocandi,
1334 1815 1577 1891 singulis
1606 1817 1878 1891 precibus

128 1910 423 1985 proprium
446 1911 670 1966 addunt
689 1910 926 1984 aliquid,
948 1911 1102 1984 quod
1127 1910 1386 1967 maxime
1409 1913 1564 1985 apud
1585 1932 1878 1988 quemque

128 2008 310 2081 possit
343 2007 551 2063 valere.
642 2007 829 2065 Verbi
860 2006 1066 2082 gratia,
1099 2005 1442 2081 Apollinem
1475 2007 1564 2065 his
1593 2017 1832 2066 orantZ:

481 2123 692 2178 καλοῦμεν
713 2122 846 2180 αὐγὰς
866 2120 990 2177 ἡλίου
1012 2122 1263 2180 σωτηρίους,

1020 2195 1029 2209 Ι
1059 2193 1070 2208 '
1105 2194 1116 2208 ²
1151 2193 1162 2208 D

482 2267 582 2310 ἰδὼν
601 2265 652 2310 ἂν
672 2263 800 2311 αἶσαν
820 2265 959 2322 τήνδε,
983 2265 1184 2325 συγγνῴη
1205 2268 1394 2323 βροτοῖς.

124 2367 335 2442 Ἀγνὸν
387 2369 611 2426 scilieet
661 2368 977 2443 appellant,
1031 2387 1147 2443 quo
1196 2369 1488 2444 virginum
1536 2370 1730 2439 choro,
1775 2379 1879 2450 φυ-

131 2462 292 2539 γάδα,
325 2486 440 2540 quo
485 2465 772 2531 exsulum,
804 2466 1125 2540 propitium
1173 2465 1439 2522 reddant.
1530 2466 1762 2526 Deinde
1802 2472 1874 2527 ad

132 2561 482 2637 Neptunum
515 2563 778 2618 conversi
810 2563 991 2628 aiunt,

480 2681 577 2726 ἀλλ’
601 2681 647 2725 εὖ
667 2681 702 2724 τ’
724 2682 932 2739 ἔπεμψεν,
956 2679 1003 2724 εὖ
1023 2681 1070 2724 τὲ
1091 2680 1290 2736 δεξάσθω
1310 2681 1450 2738 χθονί·

130 2786 413 2842 beneficia
452 2786 754 2860 praeterita
782 2784 1093 2841 afferentes
1129 2786 1187 2841 in
1229 2796 1645 2861 argumentum
1675 2808 1879 2848 eorum

132 2902 263 2956 quae
301 2889 622 2957 sperantur.
711 2882 910 2938 Tertio
952 2882 1080 2938 loco
1114 2884 1273 2939 venit
1306 2882 1674 2942 Mercurius:
1721 2886 1878 2945 huno

130 2998 462 3053 praeeonem
533 2979 707 3036 officii
775 2981 862 3036 sui
930 2980 1266 3036 meminisse
1332 2981 1555 3047 volunt,
1617 2984 1875 3041 maxime

132 3083 441 3150 propterea
475 3077 629 3150 quod
676 3075 876 3132 liberae
923 3082 1059 3132 sunt
1103 3076 1262 3150 ipsae,
1294 3075 1601 3152 dignaeque
1631 3079 1700 3135 ad
1735 3098 1877 3153 quas

132 3173 417 3246 propitius
447 3172 546 3227 ille
577 3172 848 3229 advolet:

483 3286 724 3344 ἐλευθέροις
745 3290 818 3330 νῦν
839 3287 984 3331 ἐσθλὰ
1001 3286 1274 3345 κηρυκευέτω.

135 3388 427 3456 Quorsum
468 3408 603 3445 vero
647 3390 770 3446 haeo
811 3391 1044 3446 omnia?
1115 3390 1426 3457 Quoniam,
1465 3398 1533 3446 ut
1577 3391 1721 3447 mihi
1753 3393 1878 3467 qui-

364 3559 387 3588 Y
420 3551 524 3607 Sup.
555 3550 649 3593 126.
1292 3560 1311 3581 z
1344 3552 1454 3595 Ibid.
1482 3566 1579 3595 221.
