2288 4036
143 274 303 308 PRAEL.
318 272 511 305 xxvm.
571 253 689 303 Non
714 251 771 303 in
791 249 919 318 stylo
931 249 1062 318 poni
1087 247 1316 299 nativam
1341 245 1533 297 Poesin.
1755 244 1894 311 2577

139 403 422 473 tangant3
457 397 634 452 modo
664 393 1025 452 numeranda
1054 392 1171 448 sint
1200 391 1261 447 in
1290 389 1687 446 instrumento
1711 392 1892 459 atque

139 479 199 552 in
229 492 580 568 supellectili
611 491 752 565 ejus.

222 587 315 646 Ac
339 589 593 663 primum
617 588 692 644 de
713 585 943 642 mellito
966 584 1068 641 illo
1092 582 1435 649 Atticismo,
1458 580 1891 652 verborumque

141 693 201 741 et
244 685 667 741 sententiarum
711 682 1006 756 exquisita
1047 681 1307 737 ratione:
1360 697 1536 735 nemo
1581 676 1787 743 nescit,
1830 675 1892 730 in

139 781 241 838 illo
284 799 499 857 gene-re
537 780 734 836 Deum
777 796 949 853 paene
988 777 1191 834 haberi
1229 774 1602 851 Sophoclem,
1634 772 1892 848 eleganti

142 878 477 935 Graecarum
529 877 759 933 aurium
795 875 1057 949 judicio:
1109 873 1399 948 siquidem
1451 870 1731 929 credibile
1782 878 1890 936 est,

139 991 257 1029 non
291 974 445 1029 male
477 971 674 1047 colligi
713 970 992 1046 suffragia
1027 976 1089 1025 et
1125 969 1320 1026 studia
1362 966 1564 1044 populi
1604 973 1747 1023 noto
1787 966 1890 1023 illo

138 1087 206 1127 ac
236 1068 629 1146 pulcherrimo
661 1068 1085 1144 epigrammate
1101 1074 1142 1132 Υ,

430 1203 549 1262 ἤρεμ’
570 1204 677 1261 ὑπὲρ
698 1205 879 1260 τυμβοῖο
900 1204 1162 1260 Σοφόκλεος,
1184 1205 1333 1259 ἤρεμα,
1355 1201 1499 1254 κῖσσε,

489 1274 700 1334 ἑρπύζοις,
721 1274 932 1333 χλοεροὺς
953 1274 1198 1332 ἐκπροχέων
1216 1274 1477 1331 πλοκάμους·

429 1348 501 1392 καὶ
520 1348 709 1392 πεταλὸν
728 1347 863 1402 πάντη
885 1346 1044 1390 θάλλοι
1064 1345 1211 1403 ῥοδοῦ,
1233 1344 1261 1402 ἥ
1279 1363 1326 1388 τε
1346 1345 1576 1403 φιλόρρωξ

488 1420 689 1477 ἄμπελος,
715 1417 825 1478 ὕγρα
844 1418 972 1475 περὶξ
993 1416 1188 1474 κλήματα
1207 1417 1434 1475 χευαμένη·

430 1491 585 1536 εἵνεκεν
605 1491 772 1547 εὐεπίης
790 1491 1118 1549 πινυτόφρονος,
1141 1489 1191 1546 ἣν
1211 1492 1235 1533 ὁ
1255 1487 1465 1547 μέλιχρος

487 1566 693 1621 ἤσκησεν,
714 1565 898 1608 Μουσᾶν
917 1561 1081 1620 ἄμμιγα
1102 1562 1171 1607 καὶ
1190 1562 1394 1622 χαρίτων.

142 1681 474 1748 Videtisne,
502 1681 765 1747 hederaS,
787 1680 1140 1737 “doctarum
1172 1679 1413 1756 praemia
1443 1680 1779 1748 frontium,”
1799 1700 1892 1738 ca-

139 1777 247 1853 piti
277 1777 403 1852 ejus
431 1775 655 1852 imponi
684 1776 944 1832 maxime
973 1782 1214 1850 propter
1243 1773 1448 1840 εὒεπῖην
1473 1773 1892 1853 πινυτόφρονας

136 1874 305 1949 cujus
365 1879 586 1949 quanta
640 1873 728 1930 vis
786 1872 965 1929 fuerit
1023 1872 1179 1947 apud
1240 1870 1501 1938 GraecOS,
1561 1872 1891 1947 praesertim

139 1967 552 2039 AthenienseS,
590 1969 842 2027 arbitror
875 1969 1151 2045 equidem
1182 1969 1283 2024 vix
1317 1967 1434 2025 levi
1461 1969 1718 2043 quadam
1762 1987 1894 2044 per-

135 2067 253 2143 cipi
282 2085 452 2142 posse
482 2067 837 2140 conjectura,
868 2066 1146 2123 crassiore
1184 2065 1298 2122 hoc
1343 2065 1501 2131 cae10,
1534 2066 1892 2124 surdior-ibus

137 2162 346 2220 horum
404 2162 713 2219 hominum
769 2162 1026 2220 auribus
1118 2161 1353 2221 Verum
1412 2163 1732 2230 enimverO,
1791 2164 1891 2239 qui

138 2260 310 2317 istam
357 2259 560 2326 εὖεπίην
602 2275 904 2336 permeare
943 2259 1129 2316 velint
1169 2260 1506 2317 universam
1551 2279 1585 2317 a
1628 2260 1892 2318 fontibus

140 2362 203 2413 et
241 2356 434 2432 capite
474 2355 704 2424 Poesin,
745 2356 852 2414 hos
894 2357 1145 2414 dixerim
1182 2357 1395 2414 versari
1435 2357 1497 2413 in
1536 2375 1730 2414 errore
1772 2376 1890 2414 non

138 2472 371 2529 prorsus
410 2436 546 2522 alio,
579 2471 652 2510 ac
687 2453 735 2510 si
765 2453 895 2529 quis
932 2471 1174 2529 corpore
1214 2472 1335 2510 non
1379 2454 1576 2511 animo
1620 2453 1779 2511 dicat
1822 2473 1894 2512 ea

138 2569 244 2607 nos
287 2550 504 2607 sentire
548 2569 682 2625 quae
727 2556 1006 2607 externos
1050 2550 1270 2607 feriunt
1317 2567 1552 2608 sensus}
1606 2570 1743 2608 cum
1789 2551 1893 2608 do-

138 2653 269 2704 ceat
313 2666 383 2704 ea
424 2646 792 2722 philosophia
822 2666 956 2722 quae
987 2646 1110 2704 sola
1139 2653 1200 2703 et
1236 2666 1376 2704 sana
1404 2648 1480 2704 sit
1510 2654 1572 2704 et
1613 2647 1885 2724 ingenua,

138 2762 214 2800 ne
263 2762 420 2800 nunc
464 2743 702 2819 quidem
740 2742 831 2800 his
875 2742 1059 2800 oculis
1103 2743 1260 2800 cerni
1305 2762 1376 2800 ea
1418 2762 1552 2819 quae
1596 2744 1888 2811 videntur,

138 2858 328 2915 neque
369 2822 462 2897 his
500 2840 735 2897 auribus
775 2840 961 2896 audiri
1002 2856 1212 2897 sonos:
1260 2839 1400 2915 quin
1437 2839 1531 2897 ¹his
1566 2840 1732 2915 quasi
1761 2840 1890 2916 qui-

137 2935 384 2993 busdam
434 2936 663 2993 nunciis
713 2937 970 2993 animam
1022 2936 1181 2992 domi
1234 2936 1540 2993 sedentem
1589 2937 1698 2993 uti.
1788 2935 1888 2994 Sic

138 3030 415 3099 Poeticae,
445 3038 727 3108 tanquam
756 3033 987 3109 reginae,
1017 3033 1366 3089 nunciorum
1401 3032 1531 3090 loco
1560 3033 1887 3091 inserviunt

135 3133 260 3185 tam
289 3127 468 3185 verba
497 3146 674 3204 quam
704 3127 966 3184 numeri:
1015 3147 1133 3184 non
1174 3129 1569 3197 dominantur,
1613 3149 1732 3186 non
1771 3131 1887 3205 pri-

134 3241 259 3281 mas
302 3231 504 3300 agunt,
539 3243 656 3280 non
696 3225 1038 3281 accenditur
1066 3243 1270 3281 eorum
1302 3244 1412 3300 ope
1443 3225 1689 3283 caelestis
1719 3225 1884 3283 flam-

79 3355 81 3358 ·
134 3338 247 3386 ma,
276 3325 631 3396 propagatur
673 3319 867 3376 modo,
944 3319 1038 3376 Ex
1069 3339 1186 3394 quo
1216 3319 1516 3386 efficimus,
1548 3322 1885 3395 quicunque

137 3411 338 3489 Poeta,
358 3414 584 3490 judicio
615 3415 895 3480 omnium,
921 3416 1210 3491 praecipue
1239 3417 1689 3474 commendetur
1715 3417 1883 3493 copia

830 3603 850 3629 ,r
871 3596 1046 3640 Anthol.
1074 3611 1111 3641 1.
1134 3611 1175 3656 3.

957 3689 990 3729 Ρ
1017 3691 1057 3750 P
