2288 4036
364 220 477 274 622
730 221 840 286 Quo
866 221 923 272 in
949 221 1052 274 loco
1080 238 1170 273 rus
1193 220 1466 274 habuerint
1492 221 1708 275 Hebraei
1725 246 1740 274 :
1863 244 2024 277 PRAEL.
2040 246 2171 279 xxx.

370 373 669 424 monstrat
699 365 798 424 hic
827 367 997 443 quasi
1030 367 1220 445 digito
1252 367 1572 425 fluminum
1609 388 1679 427 ac
1711 369 2010 446 sylvarum
2041 390 2174 450 per-

370 465 626 542 fugium.

460 563 595 621 Erit
626 563 878 621 fortasse
908 564 1012 639 qui
1044 564 1127 621 sic
1159 572 1467 623 occurret:
1508 564 1772 622 Omnem
1807 565 1961 623 hanc
1990 586 2173 643 quam

371 662 552 719 hodie
612 661 910 738 explicavi
977 662 1272 720 rationem
1343 663 1418 720 ad
1487 670 1729 740 tempus
1788 683 1866 721 ex
1932 665 2175 741 ingenio

370 761 526 828 elici,
552 760 802 837 soloque
834 760 1173 819 confirmari
1206 761 1490 839 exemplo
1523 761 1845 820 Graiorum
1879 761 2172 820 Poeseos:

370 857 711 927 Graiorum,
743 859 1009 935 inquam,
1040 860 1327 935 quoniam
1368 879 1446 917 ex
1491 860 1597 918 illo
1636 861 1803 937 quasi
1848 860 1992 918 ludo
2042 880 2177 937 pro—

370 955 484 1012 diit
539 962 705 1013 certe
759 955 1038 1014 Romana
1090 976 1332 1033 quoque
1385 958 1628 1016 familia.
1730 957 1827 1015 Ex
1878 957 1994 1016 hoc
2051 957 2175 1016 effi-

368 1054 558 1122 ciunt,
592 1073 714 1111 non
754 1054 911 1112 bene
956 1055 1158 1112 metiri
1200 1074 1309 1113 nos
1343 1063 1544 1114 artem
1582 1076 1655 1115 eo
1695 1056 1960 1124 modu10‚
1993 1075 2175 1133 quem

371 1151 484 1228 ipsi
515 1152 688 1210 nobis
719 1152 796 1210 ad
827 1154 1076 1210 unicum
1106 1152 1259 1210 illud
1291 1154 1597 1230 specimen
1629 1154 1989 1212 effinximuS.

459 1251 678 1327 Itaque
724 1252 840 1309 erit
888 1271 1084 1328 operae
1128 1252 1410 1329 pretium,
1449 1253 1654 1310 videre
1691 1272 1812 1330 quo
1857 1273 1951 1312 res
1996 1273 2067 1312 ea
2112 1272 2175 1310 se

369 1349 653 1407 habuerit
712 1349 846 1407 loco
906 1351 1066 1427 apud
1123 1358 1340 1428 gentes
1399 1351 1666 1409 maxime
1721 1351 1984 1410 diversas
2042 1358 2176 1408 tum

370 1454 648 1524 tempore
686 1455 820 1506 tum
862 1448 1124 1527 ingenio.
1217 1448 1410 1508 Verbi
1443 1469 1656 1519 causa3
1702 1451 1803 1527 qui
1841 1451 2019 1527 primi
2050 1470 2177 1508 01η-1

370 1547 542 1604 nium
598 1547 964 1606 carminibus
1017 1547 1243 1606 dabant
1295 1567 1556 1625 operam,
1604 1550 1965 1607 sacrosancti
2017 1549 2177 1626 apud

372 1645 668 1704 Hebraeos
697 1646 830 1716 viri,
861 1646 1380 1724 pulchritudinem
1417 1646 1574 1704 hanc
1604 1647 1834 1714 mundi,
1864 1666 2004 1722 quae
2036 1667 2177 1706 ocu-

371 1743 444 1802 lis
503 1745 788 1813 cernitur,
843 1744 1096 1802 minime
1154 1743 1548 1823 negligebant
1607 1743 1697 1802 illi
1753 1745 2021 1821 quidem,
2070 1746 2176 1803 sed

369 1862 569 1920 neque
613 1844 677 1900 in
713 1861 786 1900 eo
819 1843 988 1920 quasi
1033 1843 1276 1920 proprio
1308 1862 1523 1919 campo
1554 1842 1681 1900 ullo
1712 1849 1987 1919 tempore
2018 1844 2176 1920 quis-

367 1960 554 2017 quam
586 1961 797 2000 eorum
828 1941 1159 2000 laborabat.
1230 1941 1348 1999 Tot
1377 1942 1549 2000 annis
1579 1941 1922 2000 scribebant
1953 1960 2175 2012 verSUS‚

367 2040 625 2098 artificio
671 2039 1159 2117 exquisitissimo,
1192 2040 1510 2098 sententiis
1551 2039 1870 2115 verbisque
1914 2041 2176 2098 ardenti-

372 2138 501 2207 bus,
547 2158 745 2215 neque
799 2157 1069 2215 unquam
1121 2139 1184 2195 in
1236 2157 1374 2196 rure
1426 2158 1496 2196 ac
1548 2145 1766 2196 natura
1817 2137 2176 2196 celebranda

370 2256 626 2313 posuere
671 2255 971 2294 summam
1016 2236 1201 2295 ullius
1245 2256 1324 2294 ne
1370 2237 1704 2294 brevissimi
1751 2237 1997 2314 quidem
2050 2256 2176 2295 car-

370 2335 568 2393 minis.
659 2334 823 2404 Quid
854 2334 981 2393 ita?
1035 2334 1262 2409 (dicam
1293 2334 1473 2403 enim,
1521 2333 1686 2392 salva
1728 2335 2174 2410 praesentissimi

373 2432 662 2491 Numinis
707 2434 1090 2511 reverentia).
1184 2432 1329 2490 Fuit
1377 2433 1667 2509 profectO,
1712 2433 1830 2490 fuit
1872 2432 2008 2502 illis,
2055 2452 2175 2510 quo

371 2538 647 2590 caruerat
692 2533 888 2590 omnis
925 2531 1249 2590 Graiorum
1294 2531 1531 2599 choruS,
1561 2537 1690 2589 tam
1726 2531 1962 2609 Tragici
1992 2550 2173 2608 quam

374 2631 708 2688 Homerici.
800 2629 923 2706 Spe
954 2629 1313 2688 fruebantur
1351 2629 1512 2687 bona
1542 2635 1827 2705 certaque
1857 2637 1988 2687 tum
2021 2629 2174 2687 veri-

370 2730 515 2787 tatis
542 2729 962 2805 adipiscendae,
992 2734 1124 2785 tum
1158 2728 1314 2786 bene
1346 2727 1645 2803 beateque
1675 2728 1935 2785 vivendi.
2028 2726 2174 2784 Non

369 2845 522 2903 opus
552 2832 725 2884 erant
754 2825 874 2884 illis
903 2827 1140 2884 umbrae
1177 2826 1452 2901 rurisque
1495 2825 1856 2902 perfugium,
1889 2844 2009 2901 quo
2040 2843 2175 2901 pos-

367 2932 506 2982 sent
526 2943 770 2982 cursum
799 2924 1026 2982 referre
1055 2923 1236 2981 taedio
1258 2943 1330 2981 ac
1359 2942 1616 2981 moerore
1640 2923 1922 2981 confecti.
1983 2922 2174 2999 Quip-

368 3041 447 3098 pe
501 3022 663 3080 Eum
720 3022 1031 3080 habebant
1090 3022 1454 3098 principium
1511 3022 1738 3098 pariter
1796 3028 1859 3078 et
1917 3021 2170 3088 exitum,

367 3120 542 3196 cujus
584 3139 792 3178 amore
834 3119 1026 3178 semel
1069 3120 1293 3178 imbuti
1336 3119 1489 3177 nulli
1534 3139 1732 3196 neque
1774 3119 2016 3177 moerori
2060 3138 2172 3176 nec

368 3219 550 3276 taedio
587 3224 790 3276 essent
827 3218 1093 3276 obnoxii.
1182 3217 1421 3276 Aderat
1465 3217 1584 3276 illis
1627 3218 1854 3294 pariter
1893 3217 2171 3275 omnibus

366 3317 537 3374 omni
588 3321 866 3392 tempore
915 3322 982 3373 et
1041 3315 1176 3373 loco
1233 3316 1696 3392 praesentissima
1745 3315 1893 3384 lux;
1952 3334 2072 3391 qua
2122 3314 2170 3372 si

369 3414 528 3471 forte
567 3432 770 3471 carere
815 3413 927 3472 sibi
963 3413 1343 3482 videbantur,
1387 3433 1494 3472 seu
1538 3412 1716 3490 culpa
1761 3431 1868 3470 sua
1912 3412 2037 3470 sive
2080 3411 2170 3468 in-

369 3513 636 3570 fortunio
667 3512 950 3588 quodam,
979 3531 1103 3568 non
1134 3512 1210 3569 ad
1245 3511 1498 3570 flumina
1527 3511 1833 3587 vallesque
1863 3510 2170 3587 confugie-

367 3610 533 3678 bant,
564 3628 686 3667 non
718 3609 794 3666 ad
826 3627 970 3666 saxa
1001 3616 1064 3667 et
1094 3609 1466 3677 solitudineS‚
1497 3615 1787 3685 tanquam
1825 3608 1887 3664 in
1917 3614 2169 3667 externa
