2288 4036
189 308 344 340 PRAEL.
361 306 535 338 xxxv1.
594 304 848 355 nunquam
874 287 1148 337 Homerum
1174 286 1468 355 mayistrum
1494 284 1732 353 appellat.
1833 287 1937 342 719

189 431 341 486 nisse
369 428 676 484 materiam
701 426 862 482 illam
887 426 1241 492 bellicosam,
1263 425 1363 482 sed
1385 426 1643 500 paruisse
1666 443 1727 481 se
1752 427 1938 481 moni·
1960 481 1973 487 „

189 524 264 581 tis
304 524 546 579 minime
576 508 768 577 dubiis
799 521 974 577 Genii
1016 523 1121 588 sui,
1153 540 1345 595 neque
1376 521 1539 576 oncri
1578 521 1938 585 successisse,

190 621 284 677 cui
327 637 533 693 parum
577 624 750 692 aptus
793 625 964 674 esset.
1038 616 1286 674 Volenti
1331 618 1477 673 adeo
1527 635 1594 673 ac
1643 615 1939 673 laetissimo

189 714 384 770 animo
436 712 723 787 recepisse
786 730 848 767 se
908 713 967 767 in
1026 730 1130 768 sua
1186 710 1489 778 silvestria,
1547 718 1826 785 tanquam
1880 711 1941 765 in

190 814 444 884 portum.

291 903 472 959 Porro
516 902 996 959 animadvertatis
1040 902 1234 970 velim,
1276 903 1460 979 Tityri
1509 905 1747 960 nomine
1794 923 1943 960 nun-

190 1018 402 1074 cupare
446 1017 507 1054 se
551 998 642 1054 his
674 999 934 1055 versibus
967 998 1249 1056 Poetam:
1298 1018 1374 1055 ex
1414 1018 1530 1073 quo
1574 999 1942 1075 intelligitur,

190 1114 317 1168 quae
363 1093 504 1150 alias
551 1113 668 1149 non
721 1112 906 1168 pauca
953 1094 1161 1149 eodem
1205 1095 1444 1150 nomine
1488 1093 1827 1162 efferuntur,
1873 1115 1944 1152 ea

191 1191 387 1246 omnia
431 1208 547 1244 non
592 1189 746 1245 male
791 1189 992 1246 referri
1023 1190 1095 1246 ad
1127 1191 1308 1265 ipsius
1339 1189 1574 1265 Virgilii
1614 1209 1941 1265 personam.

192 1284 396 1360 Atque
427 1305 495 1341 ea
524 1305 615 1342 res
645 1304 820 1359 quam
853 1286 972 1341 vim
1009 1286 1224 1342 habeat
1268 1286 1327 1342 in
1372 1286 1655 1343 hodierna
1685 1287 1946 1362 disputa-

190 1382 367 1448 tione,
413 1387 545 1455 post
597 1381 795 1456 paullo
843 1382 1161 1437 videndum
1209 1383 1337 1438 erit.
1428 1381 1609 1438 Nunc
1653 1382 1799 1439 illud
1844 1384 1946 1439 ad-

192 1478 342 1544 dam,
356 1476 695 1552 Virgilium,
730 1497 864 1533 cum
911 1477 1118 1552 saepius
1155 1477 1413 1534 fateatur
1442 1496 1503 1534 se
1534 1478 1798 1554 vestigiis
1841 1477 1945 1535 ali-

192 1573 355 1648 cujus
399 1574 655 1648 priorum
701 1574 986 1640 insistere,
1020 1571 1182 1628 nullo
1225 1581 1425 1629 tamen
1467 1581 1756 1648 tempore,
1787 1574 1943 1648 quod

186 1663 386 1735 sciam,
419 1667 748 1724 Homerum
791 1674 1093 1724 auctorem
1126 1687 1242 1742 prae
1272 1686 1333 1723 se
1364 1667 1532 1723 ferre.
1622 1666 1947 1723 Pastoralia

192 1765 347 1839 quod
378 1764 608 1830 attinet,
639 1763 1018 1820 Theocritum
1051 1763 1158 1819 sibi
1192 1764 1450 1819 vindicat
1478 1764 1823 1840 magistrum
1846 1759 1894 1819 f:

428 1863 576 1907 Prima
599 1863 831 1921 Syracosio
854 1864 1034 1921 dignata
1056 1872 1122 1908 est
1142 1864 1294 1908 ludere
1315 1879 1451 1907 versu

426 1935 606 1986 Nostra,
629 1950 710 1979 nec
732 1936 908 1979 erubuit
932 1938 1075 1994 sylvas
1098 1937 1310 1987 habitare,
1332 1936 1501 1979 Thalia.

426 2014 451 2043 8⁹
475 2006 682 2050 Sicelides
707 2008 868 2058 Musae,
892 2011 1040 2065 paullo
1063 2010 1228 2066 majora
1249 2024 1477 2052 canamus.

426 2077 451 2108 h
475 2078 574 2130 Ibo,
596 2086 638 2122 et
662 2079 917 2124 Chalcidico
939 2096 1037 2138 quae
1060 2088 1166 2124 sunt
1186 2081 1295 2123 mihi
1318 2080 1496 2124 condita
1516 2095 1649 2124 versu

428 2149 638 2193 Carmina
658 2152 847 2207 pastoris
872 2152 1009 2196 Siculi
1030 2152 1295 2196 modulabor
1316 2167 1468 2196 avena.

429 2222 441 2252 i
465 2221 728 2266 Extremum
748 2223 884 2275 hunc,
908 2223 1145 2276 Arethusa,
1168 2224 1278 2267 mihi
1301 2224 1493 2268 concede
1512 2224 1725 2268 laborem.

195 2316 421 2373 Possim
487 2316 631 2373 alios
699 2318 959 2392 proferre
1018 2338 1234 2384 versus,
1296 2318 1508 2392 quibus
1566 2320 1724 2375 idem
1786 2321 1948 2393 quasi

194 2414 395 2470 dedita
439 2433 635 2488 opera,
681 2415 862 2471 immo
908 2435 1023 2471 non
1072 2417 1195 2472 sine
1239 2416 1635 2472 delectatione
1680 2417 1948 2490 quadam,

195 2510 386 2577 docet,
434 2512 729 2585 pertinere
782 2531 842 2569 se
895 2513 969 2568 ad
1021 2511 1251 2568 Siculos
1302 2519 1481 2587 atque
1533 2513 1606 2568 ad
1653 2512 1950 2568 Theocriti

194 2605 496 2663 familiam.
585 2607 785 2664 Etiam
827 2609 924 2664 ubi
973 2609 1043 2664 ad
1087 2608 1378 2684 Georgica
1409 2617 1652 2665 ventum
1697 2618 1803 2677 est,
1833 2628 1951 2664 non

196 2708 434 2757 veretur
465 2701 830 2777 Scriptorum
870 2704 1374 2778 prudentissimUS,
1409 2723 1639 2761 sumere
1685 2705 1793 2760 sibi
1827 2704 1953 2760 He-

197 2797 345 2879 siodi
375 2805 571 2872 partes
592 2796 655 2856 k:

449 2911 769 2969 Ascraeumque
791 2927 900 2956 cano
925 2913 1125 2958 Romana
1145 2930 1222 2972 per
1244 2914 1406 2972 oppida
1427 2930 1618 2959 carmen.

198 3004 286 3061 At
330 3006 388 3061 in
435 3008 614 3074 omni,
647 3027 824 3082 quam
871 3008 1045 3085 longa
1089 3019 1195 3078 est,
1228 3010 1497 3078 AEneide,
1538 3012 1678 3068 licet
1723 3013 1953 3069 assidue

198 3120 315 3156 non
358 3103 535 3158 modo
573 3104 840 3159 imitetur
881 3124 1084 3162 verum
1127 3108 1305 3163 etiam
1352 3109 1544 3166 verbis
1588 3110 1796 3167 reddat
1828 3109 1956 3165 Ho-

198 3196 432 3262 merica,
477 3217 778 3272 nunquam
826 3201 1087 3258 invenies
1133 3204 1233 3259 ubi
1278 3205 1516 3260 nomine
1552 3205 1812 3280 appellet
1845 3205 1956 3262 Pa-

199 3297 351 3346 trem
403 3291 572 3347 illum
626 3298 687 3348 et
739 3312 932 3350 rerum
983 3294 1403 3354 Inventorem:
1453 3298 1720 3354 crederes
1774 3318 1953 3373 paene,

200 3384 484 3461 religione
542 3387 738 3462 aliqua
797 3391 999 3446 vetari.
1098 3391 1314 3448 Noluit
1367 3393 1660 3459 videlicet,
1713 3414 1817 3468 pro
1869 3396 1956 3450 in-

201 3498 411 3555 genua,
442 3501 556 3556 qua
587 3490 729 3550 erat,
762 3485 974 3551 indole,
1008 3485 1201 3543 locum
1241 3487 1341 3544 ille
1374 3489 1466 3544 vel
1503 3489 1780 3545 ultimum
1825 3507 1956 3564 pos-

239 3617 374 3663 fEcl.
398 3620 441 3664 6.
469 3635 506 3665 1.
627 3630 651 3659 8
673 3638 714 3676 4.
742 3637 779 3666 1.
901 3623 926 3653 h
955 3639 1019 3668 10.
1047 3638 1118 3682 50.
1231 3626 1252 3657 ·i
1278 3641 1344 3670 10.
1374 3642 1411 3670 1.
1515 3614 1557 3657 ‘k
1584 3628 1739 3683 Georq.
1766 3629 1925 3685 2.176.
