2288 4036
227 1101 818 1173 PRAELECTIO
876 1103 1427 1171 TRIGESIMA
1486 1101 1909 1177 QUARTA.

202 1573 318 1622 Quid
343 1575 417 1626 sit,
450 1575 564 1631 quod
591 1576 840 1619 Lucretium
870 1574 1130 1632 Epicureum
1166 1573 1406 1618 Christiani
1436 1573 1670 1630 beniynius,
1702 1587 1826 1630 quam
1861 1573 1943 1625 sui,

257 1647 548 1691 toleraverint.
604 1647 822 1692 Eoecusari
835 1661 966 1705 posse
976 1648 1144 1705 partim
1165 1648 1254 1703 ejus
1274 1647 1500 1689 amentiam
1515 1667 1527 1689 .·
1563 1645 1834 1703 comprobari
1854 1660 1946 1688 eam

256 1726 343 1764 tum
370 1722 634 1774 testimoniis,
658 1727 745 1765 tum
775 1722 924 1778 siquis.
992 1721 1194 1770 Quaenam
1224 1721 1271 1763 in
1303 1720 1480 1763 laudata
1502 1720 1630 1763 Poesi
1661 1720 1855 1763 amentiae
1885 1719 1945 1762 sit

251 1805 331 1836 vis.

353 1933 533 1993 UOD
570 1937 631 1992 in
668 1934 938 1992 amicitiis
978 1941 1039 1991 et
1078 1932 1352 1991 convictu
1395 1932 1733 1989 mortalium
1779 1950 1945 1989 max-

402 2031 517 2087 ime
574 2030 866 2106 plerisque
923 2030 1134 2086 mirum
1195 2029 1445 2095 videtur,
1506 2029 1781 2104 conjungi
1840 2027 1945 2084 ali-

199 2127 449 2203 quand0,
509 2128 726 2184 eximia
783 2127 1032 2202 quadam
1094 2126 1354 2192 caritate,
1413 2125 1682 2182 homines
1738 2125 1943 2183 infami

198 2231 340 2280 nota
368 2242 500 2280 cum
539 2224 609 2280 iis
638 2224 737 2299 qui
770 2223 1014 2280 meliora
1043 2229 1104 2279 et
1134 2222 1398 2278 sentiunt
1428 2228 1490 2278 et
1520 2229 1738 2297 agunt3
1786 2222 1945 2278 idem

200 2320 383 2377 ferme
412 2321 472 2375 in
502 2339 565 2377 re
597 2319 838 2377 Poetica
868 2318 961 2375 vel
1002 2319 1209 2394 saepius
1243 2317 1370 2375 fieri
1399 2324 1691 2374 noverunt
1721 2336 1943 2386 omneS‚

201 2417 305 2491 qui
336 2434 462 2472 sese
503 2417 681 2472 modo
725 2416 935 2472 leviter
973 2414 1309 2489 hujusmodi
1339 2414 1563 2471 deliciis
1607 2413 1945 2470 imbuerint.

203 2511 344 2568 Non
375 2511 670 2568 dubitabit
699 2510 975 2568 videlicet
1005 2511 1093 2566 vir
1121 2511 1310 2566 bonus
1340 2518 1402 2567 et
1432 2509 1586 2586 frugi
1630 2529 1705 2566 ne
1742 2528 1946 2566 eorum

201 2609 438 2684 quidem
478 2607 755 2664 delectari
795 2606 1164 2673 carminibus,
1196 2624 1443 2680 quorum
1486 2606 1545 2661 in
1587 2605 1947 2679 colloquium

201 2711 262 2761 et
294 2721 668 2780 congressum
699 2702 862 2759 nullo
892 2721 1149 2778 unquam
1176 2709 1441 2776 tempore
1470 2701 1680 2759 lubens
1702 2701 1947 2759 venerit.

204 2800 458 2865 Etenim,
500 2806 567 2855 ut
610 2801 846 2857 missam
886 2799 1167 2856 faciamus
1214 2804 1590 2874 pervagatam
1634 2797 1796 2854 illam
1840 2797 1950 2853 hu-

201 2915 387 2953 manae
424 2896 634 2953 indolis
672 2896 1143 2961 inconstantiam,
1175 2913 1250 2950 ex
1280 2912 1397 2968 qua
1430 2893 1637 2968 saepius
1669 2892 1948 2950 effectum

182 2999 306 3058 vest,
357 2998 425 3047 ut
475 2991 714 3048 alternis
763 2992 885 3048 fere
939 2991 1144 3047 diebus
1196 2996 1629 3047 commutarent
1682 2988 1949 3045 nonnulli

201 3088 425 3162 optima
467 3107 601 3145 cum
646 3088 928 3164 pessimis,
966 3094 1087 3144 tam
1133 3088 1256 3143 vita
1300 3105 1475 3161 quam
1521 3086 1751 3161 scriptis
1795 3086 1947 3153 suis;

202 3183 400 3256 ecquis
438 3203 555 3239 non
594 3183 875 3259 intelligit
911 3182 1244 3238 adumbrari
1280 3200 1448 3256 posse
1479 3180 1739 3238 caelestia
1767 3188 1950 3238 terre-

180 3278 306 3344 1116,
352 3279 548 3335 divina
596 3278 885 3345 humanis,
930 3297 1095 3353 paene
1148 3277 1410 3333 dixeram
1460 3283 1621 3333 casta
1671 3276 1948 3336 incestis?

202 3372 431 3430 Verum
482 3375 540 3430 id
591 3375 675 3431 ita
725 3374 792 3430 fit
843 3374 1207 3449 plerumque,
1256 3380 1324 3428 ut
1374 3392 1450 3428 ne
1499 3379 1699 3428 tamen
1751 3372 1951 3427 dedita

201 3487 375 3542 opera
421 3477 592 3525 ruant
639 3471 697 3525 in
742 3472 941 3544 pejora
983 3471 1309 3544 scriptores·
1410 3468 1619 3525 Solent
1659 3475 1726 3523 ut
1770 3453 1951 3541 pluri-

201 3583 364 3620 mum
410 3584 524 3640 prae
564 3584 624 3622 se
662 3566 810 3622 ferre
851 3566 1105 3640 speciem
1137 3565 1427 3638 quandam
1471 3564 1708 3639 pudoris
1739 3569 1799 3618 et
1830 3561 1948 3636 pie-
