2288 4036
204 310 360 343 PRAEL.
383 307 565 341 xxxvn
631 290 862 340 Aineam
887 307 920 339 a
951 289 1160 358 Viryilio
1186 289 1412 352 laudari,
1440 307 1537 341 mm
1562 292 1748 342 amari.
1851 294 1954 346 723

203 433 313 489 hoc
345 438 521 507 caput
552 432 784 499 attinet,
819 431 1134 488 Poetarum
1167 433 1449 506 primores
1480 441 1764 490 veterum.
1844 434 1955 490 Ni-

203 530 415 585 mirum
464 529 525 583 in
571 527 758 583 Iliade
805 527 947 583 nihil
998 547 1116 584 non
1161 529 1311 602 sapit
1356 527 1690 587 Achillem:
1748 529 1955 587 Achil-

202 620 340 688 lem,
366 622 619 696 inquam,
642 641 758 678 non
785 623 971 678 virum
996 623 1263 697 quemvis
1298 623 1656 691 bellicosum,
1688 625 1789 681 sed
1814 644 1956 700 qua-

202 716 319 773 lem
356 735 481 775 esse
513 717 698 774 voluit
731 717 932 782 Poeta,
979 719 1212 794 proprio
1254 720 1508 794 quodam
1554 727 1617 776 et
1659 722 1952 796 praecipuo

202 811 500 868 lucentem
556 812 814 870 lumine:
873 813 1174 871 Achillem
1222 815 1411 883 illum,
1457 817 1574 891 qui,
1621 819 1866 874 vixdum
1920 836 1953 872 e

200 907 394 981 pueris
437 926 719 984 egressus,
757 911 944 966 sciens
976 910 1295 985 volensque
1335 930 1396 967 se
1429 911 1585 969 Orco
1617 914 1951 979 devoverat,

198 1003 375 1059 modo
426 1023 501 1060 ne
552 1013 748 1062 careat
800 1025 1030 1062 summa
1076 1014 1137 1062 et
1189 1007 1452 1081 profecta
1501 1008 1720 1084 gloria:
1774 1029 1951 1083 quem

200 1099 346 1156 adeo
390 1119 527 1156 cum
568 1101 766 1158 favore
806 1102 1060 1176 quodam
1111 1104 1383 1178 prosequi
1436 1103 1628 1160 solent
1674 1125 1791 1161 non
1845 1106 1950 1172 sui,

198 1215 316 1252 non
359 1195 626 1254 homines
669 1199 862 1265 mod0,
895 1199 993 1254 sed
1039 1206 1100 1254 et
1142 1199 1563 1256 immortalium
1612 1201 1860 1258 concilia
1890 1209 1952 1258 et

200 1300 497 1349 mutorum
538 1294 880 1350 animalium
926 1302 1190 1351 catervae.
1282 1295 1512 1352 Pendet
1557 1297 1832 1354 videlicet
1877 1317 1952 1354 ex

200 1408 316 1445 uno
359 1387 462 1445 illo
498 1391 620 1446 viro
661 1391 849 1446 omnis
887 1390 1047 1446 Asiae
1079 1391 1441 1466 Graeciaeque
1486 1392 1755 1448 fortuna:
1804 1394 1952 1449 irato

199 1505 285 1552 00,
330 1494 678 1563 prorogatur
719 1487 907 1562 Trojae
959 1487 1250 1554 exitium3
1302 1487 1554 1562 placatO,
1602 1490 1950 1563 expeditur:

199 1583 594 1640 desideramus
618 1585 921 1640 absentem
944 1603 957 1651 ;
995 1592 1252 1651 caeterOS,
1273 1586 1474 1640 statim
1501 1594 1568 1640 ut
1591 1594 1729 1641 ante
1754 1587 1954 1643 oculos

200 1679 508 1752 prodeunt,
540 1681 721 1747 tacite
757 1700 893 1737 cum
942 1700 1012 1737 eo
1050 1683 1213 1756 quasi
1259 1700 1681 1756 comparamus
1769 1683 1956 1740 Deni-

201 1792 314 1848 que
342 1774 650 1831 ,Achillem
701 1796 736 1833 a
779 1795 884 1833 suo
923 1784 1058 1833 vate
1105 1797 1336 1833 summo
1380 1778 1441 1833 in
1485 1778 1706 1834 honore
1750 1779 1953 1836 haberi

200 1889 374 1927 nemo
421 1891 539 1928 non
587 1873 838 1930 dixerit:
887 1873 1173 1950 Virgilius
1214 1881 1419 1930 contra
1466 1874 1539 1930 de
1584 1874 1772 1932 AEnea
1813 1878 1951 1951 quid

200 1967 462 2033 senserit,
493 1987 611 2025 non
642 1970 788 2025 adeo
819 1969 990 2026 facile
1020 1989 1212 2044 neque
1242 1977 1470 2027 certum
1502 1971 1614 2027 erit
1639 1972 1951 2046 judicium.

202 2063 378 2119 Pium
437 2065 692 2139 quidem,
746 2065 1119 2140 Patremque,
1179 2068 1409 2124 assidue
1467 2069 1770 2126 nominat:
1828 2073 1952 2126 'non

199 2161 320 2217 sine
366 2180 580 2238 magno
625 2163 936 2219 verborum
982 2165 1176 2220 sonitu
1223 2171 1284 2220 et
1330 2183 1546 2239 pompa
1581 2166 1833 2240 quadam
1879 2169 1953 2223 si-

197 2257 595 2314 militudinum
638 2260 826 2315 mittit
870 2261 929 2315 in
975 2278 1242 2317 scenam:
1289 2261 1472 2317 immo
1518 2281 1654 2318 cum
1702 2281 1773 2320 eo
1820 2282 1952 2320 sen-

198 2355 310 2410 tire
339 2354 480 2411 facit
511 2354 718 2412 caelum
749 2363 811 2412 et
841 2364 1024 2412 terras
1064 2363 1125 2412 et
1162 2357 1407 2413 chorum
1452 2358 1791 2415 universum
1825 2359 1951 2416 Na-

197 2458 364 2517 turae,
389 2458 450 2507 et
480 2451 670 2526 siquid
694 2471 939 2526 usquam
971 2460 1074 2508 aut
1097 2453 1362 2509 Deorum
1393 2454 1560 2510 adest
1589 2461 1692 2510 aut
1714 2455 1951 2512 Daemo-

197 2565 358 2602 num.
442 2545 854 2604 Veruntamen
889 2546 1013 2603 haec
1045 2548 1241 2603 omnia
1271 2548 1466 2603 nescio
1497 2549 1792 2622 quomodo
1824 2550 1948 2606 offi-

196 2643 412 2699 ciosam
439 2643 733 2716 quandam
763 2642 1141 2699 sedulitatem
1172 2643 1441 2717 sapiunt3
1488 2644 1790 2719 magisque
1818 2665 1948 2720 per-

196 2737 384 2793 tinere
416 2736 688 2793 videntur
726 2738 797 2794 ad
844 2756 1057 2794 munus
1087 2757 1452 2813 pensumque
1483 2739 1736 2814 aliquod,
1769 2761 1945 2816 quam

196 2851 271 2888 ex
301 2833 421 2911 imo
452 2834 626 2890 corde
655 2833 910 2891 hominis
941 2841 1150 2909 sponte
1179 2834 1470 2910 profluere
1501 2855 1569 2892 ac
1600 2836 1916 2895 dimanare.

293 2928 451 2985 Illud
509 2948 742 3005 quoque
800 2930 1223 3005 permolestum
1280 2931 1462 2988 habet
1512 2929 1740 2999 AEneis,
1788 2935 1945 3008 quod

194 3044 270 3082 ne
304 3025 378 3082 ad
421 3026 600 3082 finem
631 3026 870 3101 quidem
900 3027 1156 3084 universi
1188 3026 1488 3085 Poematis
1533 3030 1672 3086 satis
1711 3049 1945 3105 expres-

194 3141 319 3180 sam
349 3129 689 3198 certamque
726 3122 1020 3198 relinquat
1048 3124 1367 3200 imaginem
1400 3125 1525 3200 ejus
1556 3125 1680 3193 viri,
1705 3127 1801 3184 cui
1830 3129 1947 3203 pri-

193 3235 317 3274 mas
363 3217 635 3274 tribuerit
685 3224 897 3291 partes.
988 3217 1297 3291 Equidem,
1338 3219 1479 3293 quid
1523 3219 1620 3275 alii
1669 3221 1943 3287 sentiant,

193 3312 422 3370 nescio:
466 3312 611 3368 mihi
648 3320 808 3370 certe
850 3313 923 3368 de
954 3313 1142 3370 AEnea
1177 3314 1461 3389 cogitanti
1505 3314 1668 3371 nulla
1710 3334 1944 3389 prorsus

195 3410 446 3465 occurrit
512 3427 776 3484 persona,
837 3428 1014 3482 quam
1072 3409 1166 3465 vel
1225 3411 1507 3467 extremis
1571 3410 1944 3469 lineamentis

195 3504 486 3561 efformari
521 3511 583 3561 et
621 3504 819 3581 effingi
850 3505 1074 3562 dicam:
1120 3504 1283 3561 nullo
1314 3507 1477 3580 quasi
1513 3507 1757 3581 augurio
1801 3526 1945 3581 prae-

197 3601 413 3656 sentire
455 3600 600 3656 mihi
645 3601 860 3666 videor,
908 3601 1047 3675 quid
1091 3602 1152 3656 in
1196 3620 1258 3657 re
1294 3620 1525 3675 quaque
1569 3601 1669 3656 ille
1711 3603 1798 3657 vir
1840 3614 1943 3659 aut

987 3701 1023 3752 3
1056 3714 1095 3752 A
1127 3702 1162 3752 2
