2288 4036
340 190 440 238 822
707 192 1031 238 MONITUM
1065 192 1154 238 DE
1186 192 1409 238 PERSIS
1442 193 1764 240 AESCHYLI.

337 335 450 367 rere.
511 319 697 374 Contra,
720 335 865 380 quum
884 319 1080 373 Atossae,
1104 319 1338 379 Dariique,
1361 325 1406 363 et
1425 318 1590 364 Xerxis
1611 334 1817 376 personae
1836 319 2135 374 inducuntur,

337 394 577 442 trochaicis
609 393 816 438 versibus
849 407 1018 452 magna
1054 407 1107 437 ex
1145 399 1272 451 parte
1305 393 1356 437 fit
1390 408 1554 438 sermo.
1619 393 1676 437 In
1706 393 1876 438 facetiis
1908 400 2060 438 autem
2093 401 2138 438 et

332 469 464 530 jocis,
484 474 704 526 curtoque
724 472 768 510 et
789 466 976 510 incitato
999 465 1054 511 de
1075 466 1321 512 levioribus
1342 465 1479 511 rebus
1502 467 1745 526 colloquio,
1761 467 1830 512 vis
1852 474 1920 513 est
1944 467 2136 512 trochae-

339 557 474 588 orum
494 540 726 600 praecipua
746 547 790 584 et
811 555 941 598 paene
962 540 1159 599 propria.
1224 539 1471 599 Propterea
1491 540 1704 585 admirari
1725 541 1886 600 aliquis
1905 541 2009 600 jure
2030 556 2136 599 pos-

341 619 414 672 sit,
448 617 573 678 quod
604 617 653 661 in
685 616 835 660 Persis
869 616 902 660 ii
933 615 1012 675 qui
1051 615 1287 674 primarias
1320 622 1470 674 partes
1502 622 1660 674 agunt,
1693 622 1738 660 et
1768 615 1824 660 de
1854 616 2063 660 maximis
2095 622 2140 660 et

340 691 606 736 miserrimis
645 690 784 735 rebus
821 689 961 735 verba
997 690 1185 743 faciunt,
1225 689 1467 735 trochaicis
1505 690 1707 734 numeris
1746 696 1935 734 utantur
1955 689 2141 743 3-—nisi

340 765 457 810 forte
481 779 664 809 mecum
694 764 873 817 sentiat,
895 763 945 808 id
974 778 1156 808 summo
1184 763 1335 808 Poetae
1363 763 1551 808 artificio
1582 770 1626 808 et
1654 763 1842 808 consilio
1874 763 2066 816 stetisse,
2088 770 2142 808 ut

341 854 422 898 per
449 854 665 884 numeros
693 839 824 883 luctu
855 853 950 883 non
981 845 1285 897 congruentes
1319 838 1637 896 mitigarentur
1667 837 1950 882 auditoribus
1981 853 2140 882 omnes

341 913 503 972 tragici
523 919 567 958 et
588 913 788 958 luctuosi
819 913 1025 966 affectus,
1049 919 1185 972 atque
1205 927 1355 957 unum
1375 912 1586 972 idemque
1606 913 1890 971 propositum
1914 912 2141 965 carminis,

341 987 399 1033 ab
433 987 563 1032 initio
598 1002 747 1049 usque
782 987 841 1032 ad
877 987 1031 1040 finem,
1055 987 1152 1032 sine
1187 987 1335 1033 turbis
1371 994 1451 1033 aut
1482 987 1856 1034 conversionibus
1893 994 1971 1032 aut
2002 987 2142 1032 nimia

342 1060 671 1115 misericordia,
689 1067 950 1107 constanter
971 1061 1274 1107 servaretur.''
