2288 4036
219 261 616 295 PRAEL.XXXV111.
661 243 841 295 Adesse
865 245 1048 306 Deum,
1077 242 1381 294 Lucretiam
1405 259 1502 293 non
1515 242 1715 310 ferunt,
1866 244 1970 298 779

220 393 542 442 monstrato
610 386 790 442 etiam
865 385 1105 442 Romuli
1174 385 1325 452 lucQ
1386 384 1649 457 sacrique
1708 382 1968 459 Argileti

218 501 500 549 nemore3
588 483 910 557 imponitur
993 483 1440 558 augustissimus
1518 482 1802 537 universae
1884 481 1967 536 rei

219 578 535 634 cumulusr.

456 686 575 730 Hinc
597 687 653 730 ad
674 687 906 743 Tarpeiam
928 687 1077 730 sedem
1099 694 1142 730 et
1165 687 1383 744 Capitolia
1399 686 1535 738 ducit,

452 759 601 802 Aurea
620 774 756 810 nunc,
779 760 885 802 olim
907 758 1397 817 sylvestribus'horrida
1418 758 1580 802 dumis.

452 831 480 874 J
485 846 556 874 am
578 838 676 874 tum
697 831 850 888 religio
872 831 1054 888 pavidos
1076 831 1267 874 terrebat
1288 837 1483 888 agrestes

452 903 563 945 Dira
577 903 662 946 loci
681 920 690 946 z
719 904 812 960 jam
833 910 931 946 tum
954 904 1123 961 sylvam
1146 918 1391 961 saxumque
1407 902 1669 946 tremebant.

453 975 554 1019 Hoc
576 990 749 1026 nemus,
773 975 908 1027 hunc,
933 975 1089 1033 inquit,
1111 974 1326 1018 frondoso
1346 974 1508 1018 vertice
1530 976 1701 1025 collem,

451 1046 565 1094 Quis
588 1046 695 1091 deus
716 1047 936 1090 incertum
957 1054 1038 1098 est,
1059 1046 1228 1090 habitat
1251 1046 1360 1090 deus
1379 1063 1387 1089 :
1422 1046 1618 1090 Arcades
1640 1047 1787 1104 ipsum

453 1118 653 1161 Credunt
674 1134 720 1161 se
742 1118 904 1162 vidisse
924 1119 952 1162 J
957 1134 1099 1171 ovem,
1122 1134 1225 1162 cum
1248 1133 1365 1176 saepe
1386 1119 1637 1175 nigrantem

416 1196 421 1199 ’
448 1190 613 1247 AEgida
634 1198 887 1234 concuteret
909 1190 1075 1242 dextra,
1099 1191 1364 1249 nimbosque
1386 1191 1529 1234 cieret.

299 1299 631 1369 Videtisne,
663 1319 777 1374 quo
809 1300 1015 1356 tendat
1055 1301 1244 1356 omnis
1284 1299 1387 1356 illa
1425 1317 1772 1375 magnorum
1816 1298 1964 1355 Poe-

214 1404 406 1453 tarum
466 1397 538 1453 de
596 1397 739 1453 locis
798 1397 1168 1453 nominandis
1219 1395 1469 1472 religio?
1544 1415 1660 1470 quo
1719 1396 1960 1452 tandem

214 1492 520 1549 claudatur
585 1492 801 1548 exitu?
876 1493 1112 1567 Nempe
1171 1494 1545 1549 cordatorum
1613 1492 1962 1567 piorumque

213 1589 514 1645 hominum
552 1589 794 1663 judicio,
827 1589 990 1645 nullo
1036 1608 1155 1646 non
1205 1590 1266 1645 in
1313 1589 1529 1666 angulo
1575 1589 1729 1645 orbis
1774 1588 1962 1644 aderit

213 1686 367 1760 quod
425 1694 527 1742 aut
585 1693 957 1742 commoveat
1015 1693 1118 1742 aut
1176 1685 1437 1742 mulceat
1495 1686 1723 1742 animos
1788 1704 1961 1742 sensu

211 1782 406 1858 aliquo
451 1783 736 1840 diviniore
770 1801 781 1839 :
830 1802 1006 1857 quem
1051 1783 1151 1857 qui
1197 1782 1476 1839 facillime
1519 1788 1580 1838 et
1617 1783 1843 1857 optime
1873 1802 1962 1839 ar-

210 1881 398 1955 ripere
448 1880 698 1947 noverit,
743 1880 792 1936 is
836 1879 1101 1954 profecto
1146 1898 1296 1936 verae
1329 1878 1583 1935 Poeseos
1619 1879 1802 1955 gradu
1842 1898 1958 1935 non

210 1976 543 2033 humillimo
576 1977 801 2052 potitus
832 1983 939 2033 est.

291 2072 435 2129 Tam
467 2073 668 2147 itaque
698 2092 773 2128 ex
803 2072 913 2129 hac
944 2079 1129 2147 parte,
1161 2090 1337 2147 quam
1369 2087 1444 2127 ex
1475 2071 1575 2128 illa
1606 2072 1809 2140 altera,
1832 2093 1959 2148 quae

208 2168 466 2243 pertinet
509 2169 582 2224 ad
627 2166 873 2224 affectus
918 2175 979 2224 et
1023 2168 1220 2224 studia
1260 2166 1584 2235 hominum,
1625 2169 1773 2224 miro
1814 2188 1957 2243 quo-

207 2265 342 2321 dam
366 2263 675 2321 intervallo
699 2264 1014 2320 distinetur
1030 2263 1318 2340 Virgilius
1343 2283 1376 2320 a
1397 2262 1694 2321 Lucretio.
1743 2264 1959 2340 Neque

207 2361 543 2417 immerito:
590 2379 723 2416 cum
770 2360 943 2416 unius
980 2360 1362 2434 ejusdemque
1393 2359 1567 2433 plane
1608 2360 1683 2416 sit
1729 2361 1956 2428 indolis,

207 2458 301 2513 vel
352 2457 595 2513 humani
647 2455 793 2511 nihil
846 2475 880 2511 a
932 2474 992 2511 se
1044 2455 1302 2512 alienum
1355 2463 1583 2530 putare,
1638 2457 1731 2513 vel
1785 2457 1959 2532 plena

209 2554 469 2629 vestigiis
512 2553 819 2609 hominum
850 2551 980 2609 loca
1013 2572 1144 2608 cum
1179 2571 1376 2608 amore
1408 2552 1660 2626 quodam
1695 2560 1959 2610 contem-

209 2650 373 2725 plari.
458 2647 749 2705 Versatur
792 2654 993 2704 autem
1038 2649 1315 2722 utrinque
1359 2668 1482 2723 prae
1528 2648 1712 2705 oculis
1757 2650 1954 2715 animi,

208 2745 517 2819 tacitisque
548 2744 800 2801 stimulis
830 2751 1002 2820 urget
1034 2752 1095 2800 et
1127 2744 1317 2820 erigit,
1346 2745 1755 2820 gravissimum
1786 2745 1949 2813 illud,

207 2838 666 2899 AdesseDeum:
706 2847 922 2914 praesto
943 2858 1068 2897 esse
1082 2839 1222 2897 Vim
1248 2840 1504 2914 aliquam
1528 2861 1645 2898 non
1664 2842 1955 2899 infinitam

207 2939 383 2994 modo
443 2943 504 2993 et
561 2937 925 3003 immensam,
986 2955 1187 2992 verum
1250 2937 1430 2994 etiam
1491 2957 1715 3013 aequam
1767 2941 1954 3008 nobis»,

208 3041 510 3091 curantem
551 3039 764 3089 nostra.
855 3033 1050 3101 Quem
1088 3052 1322 3090 sensum
1369 3036 1468 3108 qui
1508 3054 1643 3091 cum
1676 3035 1953 3093 Lucretio

207 3148 310 3186 seu
340 3128 596 3203 perferre
625 3137 930 3203 nequeunt
962 3148 1064 3185 seu
1107 3129 1390 3196 confiteri,
1426 3129 1718 3187 Naturam
1752 3139 1952 3188 tamen

207 3245 404 3283 amore
462 3245 579 3282 non
630 3225 769 3282 ficto
826 3232 1275 3300 prosequuntur,
1327 3226 1387 3282 hi
1437 3227 1613 3283 simul
1661 3236 1839 3302 atque
1892 3247 1952 3285 se

205 3323 511 3397 injecerint
548 3324 608 3378 in
645 3342 854 3379 arcana
894 3323 1018 3397 ejus
1058 3342 1123 3379 ac
1166 3323 1469 3397 profunda,
1501 3322 1775 3381 lubentes
1807 3324 1953 3381 obli-

207 3420 508 3476 viscuntur
547 3426 607 3475 et
645 3419 904 3475 locorum
947 3419 1210 3474 omnium
1253 3426 1313 3475 et
1345 3420 1672 3489 hominum,
1704 3441 1778 3477 ne
1811 3421 1951 3477 talia

906 3587 919 3604 ¹’
949 3581 1060 3623 AEn.
1084 3581 1126 3624 8.
1150 3591 1251 3637 347.
