2288 4036
141 238 298 274 PRAEL.
318 236 445 270 xxv,
598 218 766 282 Quare
792 216 1064 269 laudentur
1088 216 1152 270 ab
1176 235 1229 270 eo
1254 216 1486 269 Pulchri.
1781 220 1884 271 511

142 366 340 439 inepte
396 362 762 418 mentionem
819 362 1027 436 saepius
1091 362 1372 436 injectam
1434 359 1889 435 pulchritudinis

140 479 360 526 eorum,
389 477 638 534 quorum
669 457 1118 514 celebrabantur
1147 456 1413 514 victoriae
1431 464 1470 512 r·

492 586 572 630 ε’ὼν
593 585 723 631 καλὸς
744 585 878 642 ἕρδων
898 583 933 629 τ’
957 585 1127 628 ἐοικότα
1146 586 1297 643 μορφᾷ
1346 591 1349 593 ’

490 656 684 714 ἀνορέαις
703 656 959 713 ὑπερτάταις
979 656 1115 709 ἐπέβα
1134 659 1235 702 παῖς
1252 655 1609 713 Ἀριστοφάνευς.

142 766 508 842 Exquisitius
550 766 817 842 depingit
847 765 1193 834 Arcesilam,
1230 786 1349 823 non
1393 766 1739 842 simpliciter
1779 764 1895 820 for-

141 882 388 930 mosum,
420 862 524 919 sed
554 881 624 919 ea
654 862 843 919 forma
871 863 1199 938 praeditum,
1230 882 1363 938 quae
1392 863 1653 920 maxime
1681 879 1893 919 conve-

140 960 265 1016 niat
293 959 595 1034 ingenioso
624 976 693 1014 ac
723 959 885 1034 regio
905 959 1170 1033 juvenis,

490 1087 540 1130 τὸ
561 1086 652 1143 μὲν,
675 1084 742 1130 ὅτι
761 1086 973 1139 βασιλεὺς

490 1157 596 1203 ἐσσὶ
614 1160 807 1215 μεγαλᾶν
825 1157 1005 1210 πολίων,

489 1230 582 1286 ἔχει
604 1230 819 1288 συγγενὴς

491 1301 721 1358 ὀφθαλμὸς
741 1301 1008 1345 αἰδοιότατον
1027 1300 1156 1360 γέρας

488 1375 563 1429 τεᾷ
585 1376 712 1417 τοῦτο
733 1371 988 1431 μιγνυμένον
1008 1373 1152 1430 φρενί.

141 1481 323 1540 Plane
364 1482 451 1539 ita
491 1482 713 1547 laudat,
742 1489 812 1539 ut
842 1482 1100 1539 assolent
1136 1489 1460 1540 castrenses
1498 1502 1566 1540 ac
1608 1483 1893 1541 militares

140 1579 263 1634 viri.
351 1577 579 1634 Mirum
609 1585 827 1646 autem,
858 1579 919 1634 ni
947 1579 1100 1635 hanc
1137 1579 1378 1637 laudem
1407 1580 1673 1638 cumulet
1712 1582 1893 1639 inter-

141 1675 281 1731 dum
311 1674 642 1750 puellarum
670 1674 1035 1731 intuentium
1065 1675 1264 1733 favore
1283 1677 1319 1732 t.

430 1801 618 1858 ἔλπομαι
640 1799 692 1852 δ’,
711 1799 960 1859 Ἐφυραίων

431 1871 500 1916 ὄπ’
523 1873 636 1931 ἀμφὶ
657 1874 839 1928 Πηνεϊὸν
858 1875 1062 1930 γλυκεῖαν
1080 1875 1354 1931 προχεόντων
1375 1873 1493 1930 ἐμὰν,

432 1945 508 1988 τὸν
525 1943 783 1989 Ἱπποκλέαν
803 1945 867 1989 ε’τὶ
887 1946 955 1988 καὶ
975 1947 1144 2002 μᾶλλον
1165 1948 1248 1990 σῦν
1267 1946 1431 1991 ἀοιδαῖς

430 2015 546 2060 ἕκατι
568 2017 798 2074 στεφάνων
819 2016 976 2072 θαητὸν
996 2017 1042 2060 ἐν
1061 2015 1181 2072 ἅλιξι
1202 2016 1390 2074 θὴσεμεν
1412 2016 1457 2061 ἐν
1476 2018 1544 2061 καὶ
1566 2017 1856 2078 παλαιτέροις,

431 2085 596 2131 νέαισίν
616 2105 663 2131 τε
683 2085 936 2145 παρθένοισι
956 2086 1140 2144 μέλημα.

141 2194 276 2253 Hoc
321 2196 676 2272 simplicius:
727 2196 841 2254 alio
892 2198 1150 2254 carmine
1194 2216 1322 2254 rem
1366 2198 1616 2255 eandem
1659 2197 1892 2274 plenius

138 2293 439 2369 expressit,
470 2313 589 2349 non
619 2294 744 2350 sine
775 2292 1112 2350 dulcissima
1141 2294 1392 2372 ἐναργείᾳ
1403 2302 1450 2350 ¹².

429 2419 618 2462 πλεῖστα
639 2415 869 2462 νικάσαντά
891 2435 945 2461 σε
966 2417 1034 2460 καὶ
1055 2420 1249 2463 τελεταῖς

389 2542 394 2545 ⁴
431 2490 577 2547 ὡρίαις
596 2489 642 2533 ἐν
662 2488 897 2535 Παλλάδος
918 2486 1045 2542 εἶδον,
1067 2489 1234 2548 ἄφωνοι
1255 2488 1292 2532 θ’
1316 2489 1372 2534 ὣς
1393 2487 1555 2533 ἑκάστα
1575 2488 1789 2546 φίλτατον

431 2562 682 2620 παρθενικαὶ
701 2564 835 2607 πόσιν
855 2561 879 2617 ἢ

431 2635 524 2679 υἱὸν
544 2633 725 2692 εὔχοντ’,
749 2634 782 2678 ὦ
803 2634 1127 2688 Τελεσικρατὲς,
1150 2634 1294 2691 ἔμμεν.

223 2748 332 2806 Est
360 2750 540 2807 etiam
570 2750 717 2806 illud
748 2750 1018 2816 alterum,
1041 2751 1198 2826 quod
1228 2751 1498 2826 proxime
1528 2751 1787 2826 pertinet
1817 2751 1893 2807 ad

136 2843 496 2904 athletarum
525 2847 685 2913 ἦθοςε
730 2866 869 2904 nam
898 2847 1037 2922 poni
1068 2846 1220 2905 solet
1248 2848 1310 2904 in
1339 2853 1506 2923 parte
1537 2846 1727 2904 laudis
1770 2867 1891 2904 non

142 2941 383 2999 minima
427 2943 746 3002 liberalitas
796 2943 955 3001 ultra
998 2944 1243 3001 modum
1291 2944 1491 3012 effusa,
1524 2951 1586 3001 et
1627 2943 1889 3020 largitati

141 3039 388 3119 propior.
474 3039 802 3098 Hieronem
845 3041 1051 3116 utique
1093 3041 1486 3099 confidentius
1517 3042 1754 3098 videtur
1787 3041 1890 3098 ad-

139 3149 378 3192 monere
397 3145 460 3203 '³3

430 3257 608 3300 πολλῶν
627 3257 778 3314 ταμίας
798 3256 908 3301 ἐστί·
941 3256 1102 3300 πολλοὶ
1122 3255 1332 3314 μάρτυρες
1353 3255 1617 3315 ἀμφοτέροις
1635 3255 1799 3300 πιστοί·

432 3327 598 3371 εὐανθεῖ
618 3327 653 3371 δ’
677 3328 722 3372 ἐν
742 3328 850 3386 ὀργᾷ
871 3327 1109 3385 παρμένων,

199 3481 220 3505 r
241 3476 361 3520 Nem.
384 3492 426 3535 3.
449 3493 520 3536 31.
864 3488 883 3511 ⁵
905 3482 1035 3537 Pytlz.
1060 3490 1102 3535 5.
1133 3493 1201 3538 19.
1544 3481 1562 3510 t
1582 3479 1695 3523 Ibid.
1725 3493 1792 3523 10.
1816 3480 1887 3533 85.

142 3551 170 3574 ὓ
190 3545 300 3590 Ibid.
317 3563 360 3605 9.
388 3560 484 3606 171.
685 3596 689 3598 ,
723 3558 747 3581 x
769 3551 882 3595 Ibid.
910 3566 948 3595 1.
977 3561 1075 3609 173.
