2288 4036
372 147 482 199 502
748 145 1031 199 Pindarus
1053 162 1167 198 cum
1197 143 1412 198 Oowleio
1437 145 1769 217 componitur.
1861 165 2167 202 minnxxv.

674 285 1174 349 ὑψηλοτάτωνμαρτῦρ’
1198 287 1403 335 ἀέθλων.
1422 323 1431 335 .
1454 323 1463 335 .
1483 324 1494 335 .

678 361 1032 421 Οὐλυμπιονίκαν
1053 361 1178 407 δέκευ

675 434 870 494 χαρίτων
890 433 1009 479 ἕκατι
1030 434 1158 480 τόνδε
1181 439 1338 492 κῶμον.

461 531 618 592 Haec
649 533 737 591 ita
766 531 1082 609 descripsit
1107 531 1409 591 Cowleius
1440 539 1664 603 noster,
1690 539 1760 591 ut
1790 552 1913 591 non
1942 533 2004 592 in
2029 533 2174 593 Pin-

374 633 574 691 darica
595 632 778 690 modo
802 637 1157 709 assurgeret,
1179 649 1389 690 verum
1416 632 1619 701 etiam,
1644 633 1805 710 quod
1828 634 1892 691 in
1914 632 2019 692 illo
2044 635 2171 693 viro

369 732 603 800 mirere,
636 729 846 788 multis
876 728 1118 807 punctis
1147 730 1509 808 magistrum
1543 736 1871 807 superaret.
1940 730 2173 790 Audite

371 848 547 888 vero:
601 848 946 907 quanquam
987 848 1201 887 vereor
1244 829 1545 906 equidem,
1591 837 1661 888 ut
1708 829 1834 888 ulla
1878 849 1956 888 ex
2000 839 2172 908 parte

375 928 609 987 Latinis
668 929 891 1007 possim
943 929 1195 988 reddere
1243 928 1574 1006 profundos
1633 928 1812 988 simul
1872 936 1936 988 et
1987 930 2168 988 vehe-

370 1037 608 1088 mentes
640 1047 846 1087 versus
867 1037 911 1085 Ζ.

797 1144 994 1190 Carmen
1017 1143 1091 1190 dic
1110 1158 1220 1204 age:
1253 1143 1477 1191 fervidam

734 1218 884 1264 Annis
905 1218 1134 1278 perpetuis
1158 1219 1223 1265 01
1247 1218 1380 1264 ferias
1401 1219 1563 1278 lyram.

794 1294 921 1339 Anni
945 1293 1151 1353 perpetui
1171 1293 1326 1340 viden'

735 1368 803 1415 Ut
822 1369 962 1428 longo
982 1368 1166 1414 veniant
1188 1368 1429 1427 compositi
1450 1367 1620 1413 choro?

794 1443 862 1488 Ut
876 1443 1050 1502 junctae
1070 1442 1284 1488 manibus
1305 1456 1470 1487 manus

734 1516 1026 1577 AEquatoque
1046 1516 1184 1576 pedes
1206 1516 1373 1575 impete
1393 1522 1583 1575 pareant

794 1591 993 1649 (Mirum
1009 1590 1042 1646 1)
1067 1590 1347 1636 carminibus
1366 1590 1514 1635 meis?

734 1663 819 1710 Illo
843 1664 955 1710 dum
977 1663 1164 1710 dabitur
1180 1664 1298 1709 ferre
1318 1663 1482 1723 pedem
1504 1662 1662 1716 choro,

792 1737 1020 1783 Nostrum
1041 1752 1136 1782 non
1158 1737 1303 1783 aberit
1322 1738 1483 1791 melos,

732 1810 894 1857 Donec
916 1826 1098 1856 summa
1119 1810 1217 1856 dies
1238 1811 1428 1857 terribili
1448 1810 1563 1856 tuba

790 1883 961 1929 Mundi
984 1885 1194 1930 concinet
1215 1885 1405 1939 exitum,

643 1990 647 1994 ψ
728 1957 838 2003 Non
859 1959 1008 2004 latura
1028 1958 1124 2004 dies
1145 1959 1300 2004 mollia
1321 1958 1540 2004 carmina.

453 2062 633 2133 Quod
683 2063 730 2121 si
779 2063 843 2120 in
882 2062 975 2122 his
1020 2063 1376 2141 profundior
1420 2062 1723 2122 Cowleius
1763 2069 1827 2121 et
1869 2062 2168 2142 grandior,

369 2162 428 2221 vi
485 2181 607 2219 non
675 2169 803 2219 tam
869 2181 994 2232 sua,
1055 2182 1238 2240 quam
1297 2162 1744 2222 vaticinationis
1803 2162 2044 2231 divinae,
2104 2168 2169 2220 at

367 2260 511 2319 alibi
551 2267 758 2318 tamen
806 2261 1175 2339 ingeniosior
1218 2259 1413 2319 multo
1462 2259 1726 2320 Noster:
1778 2261 1867 2319 ita
1910 2280 2053 2318 vero
2098 2267 2169 2319 ut

366 2359 588 2438 frigore
624 2361 742 2418 isto
788 2359 1143 2419 subtilitatis
1180 2360 1519 2419 ambitiosae
1560 2378 1870 2436 nunquam
1902 2379 1966 2418 se
1997 2358 2167 2438 tangi

365 2459 539 2517 sinat.
637 2458 839 2528 Quam
881 2457 1119 2528 vellem,
1154 2458 1420 2517 Cowleio
1452 2459 1667 2517 eadem
1712 2459 1869 2517 foret
1907 2458 2170 2536 pruden-

367 2556 476 2615 tia!
545 2555 849 2634 Exemplo
881 2557 1021 2626 sint,
1044 2556 1264 2633 quibus
1294 2554 1625 2633 alloquitur
1656 2555 1951 2614 Pindarus
1983 2556 2169 2635 Cory-

362 2655 612 2734 phaeum
665 2654 952 2734 Agesiae:
1015 2654 1117 2732 qui
1167 2654 1424 2733 Agesias
1477 2675 1618 2714 cum
1670 2653 1902 2733 origine
1955 2652 2166 2725 ArcaS,

368 2756 559 2832 patria
602 2755 787 2813 fuerit
819 2753 1165 2823 Siciliensis,
1196 2754 1373 2832 fingit
1405 2753 1598 2812 Poeta
1642 2771 1928 2831 pompam
1972 2752 2049 2810 ab
2092 2772 2166 2811 eo

365 2852 582 2910 deduci
628 2872 665 2910 a
710 2851 1070 2929 Stymphale
1120 2851 1196 2909 ad
1247 2850 1592 2929 Syracusas.
1684 2850 1777 2910 Ea
1819 2870 1915 2910 res
1961 2850 2166 2929 paullo

365 2956 496 3006 erat
546 2948 935 3007 insolentior:
988 2949 1354 3007 admonetur
1401 2948 1589 3028 igitur
1633 2948 1877 3021 AEneaS‚
1925 2968 2166 3026 pompae

362 3047 706 3124 praefectus,
739 3067 858 3124 quo
903 3048 1170 3105 maxime
1209 3047 1393 3106 modo
1435 3048 1578 3106 satis
1623 3048 1702 3107 sit
1741 3047 1978 3105 muneri
2022 3047 2168 3105 faci-

365 3146 610 3203 endum.
689 3144 979 3215 Primum,
1016 3146 1397 3224 egredientes
1426 3146 1576 3204 urbe
1607 3143 1924 3215 Arcadica,
1945 3146 2168 3224 juben-

363 3251 465 3303 tur
494 3242 830 3302 valedicere
863 3242 1147 3302 Patronae
1177 3244 1340 3303 illius
1371 3243 1576 3321 oppidi
1594 3251 1621 3280 ἢ
1640 3259 1744 3302 :—

729 3351 914 3411 ὅτρυνον
933 3355 1009 3398 νῦν
1030 3351 1228 3413 ἑταίρους

728 3424 873 3479 Aina,
894 3431 1072 3485 πρῶτον
1091 3427 1171 3485 μὲν
1184 3426 1335 3486 ‘'Hpav
1353 3426 1592 3486 παρθενίαν
1613 3426 1934 3484 κελαδῆσαι·-

426 3589 446 3613 2
475 3574 645 3641 Cowley
669 3599 724 3628 οη
746 3584 817 3629 the
840 3583 1153 3629 Resurrection
1167 3604 1187 3634 ;
1220 3583 1391 3638 WorkS,
1407 3600 1451 3642 p.
1469 3582 1542 3642 83.
1557 3583 1636 3629 fol.
1657 3595 1787 3643 1700.
1882 3591 1906 3616 ἢ
1932 3584 1985 3630 Ο..
2000 3583 2044 3629 6.
2066 3597 2164 3642 149.
