2288 4036
228 153 338 207 846

288 300 385 330 non
405 284 656 345 physicam,
672 298 776 344 312.
810 300 958 354 neque
979 286 1171 338 civilem,

289 360 395 405 313.
443 345 502 390 ad
538 346 757 390 Numinis
793 346 887 390 vim
920 346 1074 391 omnia
1109 347 1173 391 ibi

288 405 459 458 referri,
498 405 603 464 316.
655 406 850 451 tristitiae
895 406 993 465 ejus
1041 406 1172 459 ratio,

289 480 394 525 322.
429 480 603 519 eorum,
627 481 731 526 quae
752 466 800 509 in
830 466 1041 510 solatium
1064 466 1171 510 affe-

288 533 456 571 runtur
498 526 859 579 incommodum,
903 527 1008 585 328.
1063 541 1171 570 con-

289 602 451 645 gruere
473 602 573 631 eam
594 586 796 631 fabulam
819 602 926 630 cum
950 585 1173 631 Indorum

290 646 575 699 commentis,
599 661 703 705 331.
726 646 1037 714 imperfectam
1058 662 1171 699 esse,

289 708 414 752 velut
454 721 597 750 unam
639 706 695 751 de
731 706 894 760 tribus,
937 706 1029 750 xix.
1066 721 1171 765 333.

289 767 387 835 ejus
412 767 628 811 clausulae
651 766 780 819 ratio,
799 781 903 825 334.
937 767 1051 811 verti
1073 782 1173 811 eam

289 826 338 871 in
365 826 619 894 antiquiore
639 800 903 895 Theologia,
933 827 1041 871 xxii.
1066 841 1170 882 424.

290 887 348 931 cf.
371 902 495 930 xxm.
515 901 619 942 441.
639 887 868 945 specimen
890 887 1171 932 fortitudinis

229 957 514 1051 proni-etheus
537 1007 734 1060 Solutus,
764 1007 856 1051 xix.
886 1021 992 1066 333.
1025 1022 1171 1067 augu

288 1067 355 1111 ria
376 1066 432 1111 de
454 1082 506 1111 eo
529 1078 634 1126 335.

228 1127 445 1187 Προνοιας
465 1128 588 1186 apud
610 1127 887 1186 AEschylum
907 1129 1023 1181 laus,
1046 1128 1170 1173 xviii.

288 1187 392 1246 316.
426 1203 507 1246 per
523 1203 623 1232 eam
643 1188 886 1247 regebatur
904 1187 1172 1233 Graecorum

289 1247 461 1300 Poesis,
484 1248 621 1293 xxvii.
645 1259 750 1308 559.
784 1248 841 1293 ab
871 1248 1034 1292 eximia
1060 1268 1170 1307 προ-

288 1309 383 1367 νοίᾳ
417 1315 565 1353 0113111
602 1324 700 1353 0880
737 1308 956 1353 rusticam
991 1309 1170 1363 Poesin,

287 1369 412 1413 xxxi.
447 1367 551 1413 620.
585 1369 790 1427 proxime
825 1368 883 1413 ad
916 1384 1016 1413 eam
1047 1384 1172 1415 acce-

289 1428 395 1474 dere
449 1429 728 1482 Lucretium,
777 1444 914 1474 xxxv.
965 1440 1067 1489 705.
1117 1446 1172 1475 ex

288 1489 442 1534 animo
473 1496 626 1534 tamen
658 1505 759 1535 eam
785 1490 958 1549 fugere,
985 1491 1171 1535 xxxviii.

291 1560 393 1609 779·

229 1609 459 1669 Propertii
486 1608 543 1655 de
574 1609 770 1656 AEneide
801 1625 977 1664 versus,
999 1611 1170 1656 xxxvii.

227 1680 471 1790 Πρᾭέᾇξασις
501 1729 625 1789 apud
656 1729 910 1776 Pindarum
938 1690 1172 1792 Nympha,

288 1791 410 1836 xxvi.
435 1802 539 1850 521.

228 1852 478 1933 Prophetae,
522 1851 766 1896 Poetarum
803 1867 964 1910 genus,
998 1852 1058 1898 iv.
1097 1868 1172 1912 49.

289 1912 530 1957 commotis
546 1912 638 1957 fere
659 1912 892 1957 mentibus
910 1913 1174 1981 quaesivisse

289 1987 366 2018 eos
407 1972 676 2026 remedium,
727 1983 801 2031 50.
854 1973 965 2018 ratis
1014 1988 1174 2018 eorum

292 2032 563 2078 Cassandrae
609 2033 782 2086 811111118,
835 2049 911 2078 xx.
967 2035 1072 2092 378.
1127 2049 1175 2079 se

289 2108 444 2138 coram
487 2094 588 2139 Deo
639 2093 884 2153 aliquando
934 2093 1173 2147 devovent,

290 2154 415 2199 xxiii.
459 2153 566 2213 463.
620 2153 924 2198 censebantur
969 2169 1077 2198 cum
1117 2154 1172 2199 iis

292 2213 561 2273 Philosophi
602 2229 629 2259 a
664 2213 711 2258 S.
753 2213 898 2259 Clem.
944 2214 1073 2259 Alex.
1108 2215 1171 2259 xl.

291 2276 396 2320 810.

229 2335 425 2394 Propria
457 2350 701 2380 commune
732 2334 903 2394 aliquid
933 2335 982 2379 in
1014 2350 1062 2380 se
1092 2335 1173 2380 ha-

289 2396 441 2449 beant,
474 2396 631 2440 xxxiii.
654 2394 758 2452 664.
793 2396 890 2455 ejus
927 2395 992 2440 rei
1023 2411 1173 2440 exem-

289 2458 433 2515 plum,
461 2455 565 2516 667.

230 2517 474 2562 Protesilai
495 2532 658 2562 navem
679 2515 844 2562 ominis
867 2531 1005 2561 causa
1025 2516 1173 2561 nomi-

291 2578 403 2631 nari,
427 2577 488 2622 ix.
517 2592 617 2637 133.

230 2638 475 2683 Proverbia
520 2638 569 2682 in
608 2636 848 2706 Georgicis
891 2652 984 2697 quo
1036 2637 1173 2696 perti-

290 2705 443 2752 neant,
465 2698 635 2744 xxxvii.
661 2709 764 2757 745.

230 2732 570 2804 Provoca’tionis
609 2759 832 2803 rationem
873 2757 1040 2803 habere
1077 2758 1173 2803 Eu—

289 2819 511 2873 menidas,
535 2819 644 2864 xxii.
668 2833 771 2875 420,
801 2833 905 2877 423.
938 2818 1174 2877 provocari

289 2880 354 2925 ibi
375 2879 434 2924 ad
455 2879 484 2924 J
489 2895 635 2932 ovem
658 2894 754 2924 non
783 2879 841 2923 ad
862 2879 1172 2948 Areopagum,

290 2955 395 3000 429.
429 2955 577 3009 neque
598 2939 656 2984 ad
674 2939 884 2984 Inferos
874 2955 923 2984 111
947 2939 1174 2998 Supplici-

289 3000 395 3054 bus,
438 3001 563 3045 xxiii.
607 3000 713 3056 462.
767 2999 826 3044 ad
859 2999 1089 3058 Populum
1126 3000 1174 3045 in

291 3060 550 3106 Aristotelis
576 3060 632 3106 de
655 3060 837 3106 Poetica
863 3061 996 3114 libro,
1019 3060 1173 3106 xxviii.

232 3182 484 3226 Psalmistoe
503 3181 643 3227 verba
663 3188 917 3240 ponuntur,
939 3181 1000 3226 iv.
1015 3192 1090 3238 5ο.
1112 3181 1173 3227 vi.

293 3241 382 3347 76.8
399 3242 492 3286 xix.
525 3256 629 3300 342.
663 3242 752 3301 348
790 3243 871 3287 bis.
906 3256 1011 3301 352.
1049 3242 1174 3287 xxiii.

231 3302 495 3477 Ptgl5emoe6us
520 3345 752 3408 Theocriti
779 3370 1016 3422 patronuS,
1049 3362 1172 3407 xxxi.

452 3437 526 3479 40.

232 3438 416 3528 Ραοίξξ·
405 3484 454 3528 111
475 3498 523 3528 10
548 3483 724 3542 poetica
745 3481 1012 3536 servandus,
1034 3481 1080 3527 ii.
1100 3495 1173 3542 25.

291 3544 491 3589 veritatis
533 3543 768 3597 indicium,
811 3559 855 3588 v.
899 3554 973 3602 57.
1026 3543 1175 3588 tribus

291 3604 442 3649 modis
471 3604 511 3649 ei
539 3604 809 3656 consulitur,
827 3602 900 3658 64.
934 3603 1176 3648 hominum

292 3664 341 3708 in
362 3664 540 3709 afflictis
556 3664 711 3718 rebus,
733 3664 827 3709 xiii.
842 3664 947 3722 328.
983 3664 1176 3708 Homeri

294 3724 412 3769 circa
441 3725 582 3778 Deos,
615 3740 690 3770 xv.
725 3723 828 3780 256.
862 3723 1052 3783 pudoris
1085 3724 1174 3768 vir-

1048 154 1416 209 INDEX

1318 286 1482 346 ginalis
1507 288 1744 356 specimen
1775 287 1984 350 AEschyli
2017 290 2200 350 Suppli-

1320 362 1409 399 ces,
1442 348 1566 392 xxiii.
1594 360 1699 407 452.
1734 349 1919 402 Poetici,
1950 351 2122 395 facilior
2152 352 2201 396 in

1321 381 1475 465 Epicis
1498 408 1610 452 ratio
1632 415 1676 452 et
1696 409 1745 453 in
1768 409 2055 464 Dramaticis,
2077 411 2199 456 xxiv.

1321 478 1425 525 470.
1458 468 1691 512 interdum
1720 469 1760 512 ei
1791 485 1871 527 per
1902 469 2050 514 edicta
2075 471 2202 528 prin-r

1321 527 1476 585 cipum
1512 529 1779 582 consulitur,
1814 528 1917 588 476.
1957 530 2054 589 ejus
2092 545 2201 598 ergo

1321 586 1524 631 adhiberi
1546 589 1852 633 commentitia
1881 604 2021 643 sacra,
2045 590 2200 635 ΧΧΧ111.

1320 645 1424 702 665.
1471 649 1763 705 peccantibus
1799 649 1847 692 in
1881 664 1987 693 eum
2021 650 2100 709 qui
2142 649 2201 695 sit

1319 707 1443 765 apud
1466 707 1642 752 Inferos
1666 716 1827 762 status,
1849 710 2002 754 xxxvi.
2028 720 2131 769 725.

1260 766 1503 811 Puerorum
1517 769 1703 827 quinam
1724 770 1887 827 poetici
1902 771 2198 828 appellentur,

1318 826 1365 871 ii.
1393 839 1462 886 15.
1498 827 1553 872 de
1583 829 1684 873 loco
1721 831 1898 874 excelso
1936 830 2202 898 despectan-

1319 887 1437 931 tium
1457 903 1603 941 mens,
1632 904 1677 933 Χ.
1697 900 1797 947 155.
1830 890 1960 948 pueri
1989 889 2198 943 divitum,

1319 947 1500 1006 Virgilii
1514 949 1698 1002 similes,
1718 961 1817 1008 159.
1843 949 2101 994 Homerum
2118 966 2200 995 cur

1320 1015 1487 1060 ament,
1527 1008 1627 1067 163.
1662 983 1936 1054 dormientes
1970 1010 2094 1078 apud
2132 1010 2203 1055 di-

1319 1082 1475 1112 versos
1518 1069 1680 1114 Poetas
1729 1070 1872 1128 pueri,
1922 1070 2043 1115 xxvi.
2095 1082 2200 1129 523.

1319 1143 1478 1172 eorum
1518 1130 1648 1174 lusus
1690 1144 1716 1174 a
1759 1129 1956 1174 Pindaro
1993 1130 2200 1184 dilectus,

1319 1199 1410 1247 524
1432 1188 1514 1233 &c.
1548 1204 1630 1247 per
1649 1190 1772 1234 locos
1799 1190 1976 1234 nativos
2005 1189 2063 1234 ad
2087 1190 2199 1235 Poe-

1319 1249 1456 1293 ticam
1484 1249 1803 1302 informantur,
1826 1261 1930 1308 532.
1965 1251 2095 1309 quasi
2122 1266 2200 1295 eos

1318 1310 1515 1353 mulceat
1551 1310 1797 1369 Virgilium
1839 1310 2048 1363 scribere,
2090 1324 2200 1356 xxx.

1320 1368 1424 1414 621.
1460 1369 1546 1414 sibi
1567 1371 1760 1428 p,lacent
1782 1370 1838 1415 de
1853 1370 2059 1415 moribus
2076 1370 2202 1430 judi-

1319 1436 1489 1483 canteS,
1532 1430 1655 1474 xxxi.
1690 1404 1794 1489 632.
1826 1431 1875 1475 in
1915 1431 2026 1475 locis
2069 1430 2202 1476 editis

1319 1490 1551 1550 quomodo
1593 1490 1862 1543 afficiantur,
1911 1490 2051 1535 xxxii.
2095 1490 2199 1550 652.

1319 1565 1479 1595 eorum
1501 1550 1557 1595 de
1579 1550 1802 1595 sideribus
1823 1525 2076 1609 phantasia,
2095 1550 2202 1607 656.

1320 1624 1479 1655 eorum
1529 1612 1661 1655 lusus
1712 1611 1944 1656 mentione
1994 1611 2203 1656 fabulosa

1321 1670 1444 1729 apud
1487 1671 1753 1716 Lucretium
1792 1671 2006 1730 mitigari,
2043 1671 2201 1716 xxxiii.

1322 1730 1426 1790 671.
1475 1731 1761 1776 nascentium
1813 1731 2008 1791 vagitus,
2060 1745 2199 1777 xxxv.

1324 1804 1427 1850 701.

1261 1852 1505 1896 Puerilium
1526 1867 1739 1896 armorum
1761 1851 1912 1898 suavis
1934 1851 2200 1905 recordatio,

1322 1927 1414 1971 quo
1455 1912 1646 1957 fortasse
1681 1919 1867 1971 spectet,
1905 1912 2060 1957 xxxix.
2098 1913 2200 1980 789.

1321 1973 1432 2031 poni
1473 1988 1573 2018 eam
1614 1972 1858 2033 aliquando
1907 1973 1957 2018 in
2009 1972 2205 2043 singulis

1321 2033 1487 2086 verbis,
1533 2044 1636 2093 790.
1690 2033 1934 2093 aliquando
1984 2033 2034 2077 in
2077 2034 2204 2092 justa

1322 2093 1513 2151 pictura,
1538 2105 1641 2153 791.

1261 2153 1473 2198 Pueritiae
1496 2153 1716 2198 memoria
1747 2169 1875 2212 spem
1908 2152 2035 2198 addit
2067 2153 2202 2212 aegris

1320 2214 1499 2267 animis,
1552 2213 1722 2258 xxxvii.
1771 2213 1874 2272 762.
1940 2213 2130 2272 vestigia
2177 2229 2204 2258 a

1321 2274 1620 2333 scriptoribus
1652 2273 1902 2327 retinenda,
1939 2274 2062 2319 xxvi.
2096 2275 2203 2332 538.

1321 2335 1506 2393 puerilis
1548 2334 1680 2392 ἤθους
1718 2335 1834 2386 13118,
1872 2335 1944 2379 vel
1979 2334 2028 2378 in
2061 2334 2200 2378 rebus

1322 2395 1619 2453 gravissimis,
1640 2394 1779 2439 xxvii.
1794 2405 1898 2450 540.
1934 2394 2205 2439 suavissima

1322 2455 1370 2499 in
1391 2455 1626 2514 Antigona
1647 2454 1896 2513 Euripidis,
1918 2455 2041 2499 xxix.
2065 2454 2170 2513 603.

1263 2515 1508 2560 Pueritiam
1565 2515 1796 2568 Ecclesiae,
1861 2530 1951 2575 qua
2011 2514 2204 2559 lectione

1323 2576 1452 2620 Deus
1474 2575 1705 2628 imbuerit,
1727 2575 1789 2619 xl.
1813 2575 1918 2620 811.

1261 2636 1484 2694 Puqnare,
1512 2635 1770 2681 Homericis
1804 2651 1885 2694 per
1918 2651 1966 2681 se
1994 2634 2202 2688 amabile,

1322 2711 1382 2741 ix.
1407 2711 1426 2741 1
1469 2711 1507 2740 1.

1261 2711 1467 2815 Puyilurii
1488 2757 1718 2816 praecipua
1737 2757 1852 2810 laus,
1874 2755 1996 2801 xxiv.
2019 2756 2124 2814 483.

1260 2818 1447 2862 Pulchri
1483 2832 1565 2862 cur
1605 2833 1631 2862 a
1665 2817 1864 2862 Pindaro
1904 2816 2202 2869 celebrentur,

1321 2894 1426 2923 xxv.
1486 2893 1504 2922 1
1517 2893 1555 2922 1.

1261 2889 1582 2997 Purqatifinum
1614 2937 1672 2983 ab
1703 2937 1866 2983 Oreste
1896 2936 2204 2982 adhibitarum

1322 2999 1452 3052 ratio,
1474 2999 1582 3043 xxii.
1607 2997 1710 3054 4.26

1262 3060 1457 3119 Pylades
1479 3060 1618 3104 semel
1632 3057 1851 3118 loquens
1839 3072 1889 3101 111
1903 3056 2203 3116 Choephoris,

1322 3120 1414 3165 xxi.
1438 3133 1542 3176 401.
1578 3118 1814 3164 Hamlethi
1828 3117 2007 3163 umbrae
2029 3117 2204 3171 similis,

1354 3195 1383 3225 0

1262 3190 1531 3299 Py‘ihciqorae
1572 3239 1768 3292 numeri,
1802 3237 1864 3283 iii.
1904 3252 1978 3294 41.
2012 3236 2123 3298 quid
2164 3237 2204 3282 is

1323 3301 1547 3369 AEschylo
1567 3273 1802 3368 profuerit,
1823 3298 1916 3343 xix.
1939 3309 2044 3357 350.
2067 3312 2205 3343 aurea

1323 3361 1536 3414 carmina,
1559 3359 1697 3405 xxvii.
1716 3358 1821 3419 556.
1856 3358 1911 3403 de
1933 3357 2204 3404 animalibus

1322 3421 1492 3480 opinio,
1527 3421 1619 3465 xix.
1649 3433 1753 3478 345.
1789 3419 1956 3479 quibus
1989 3432 2041 3463 ea
2069 3418 2202 3463 dubi-

1321 3481 1570 3527 tationibus
1593 3487 1816 3533 occurrat,
1839 3478 1944 3538 346.
1977 3494 2004 3523 a
2025 3477 2175 3523 Fato
2165 3493 2203 3522 18

1322 3541 1573 3593 311110111111,
1591 3557 1667 3585 xx.
1687 3539 1791 3599 362.
1824 3540 1943 3584 mala
1962 3538 2205 3606 hominum

1323 3601 1381 3647 ad
1437 3602 1644 3660 ipsorum
1717 3600 1823 3646 vitia
1874 3599 2042 3652 retulit,
2105 3597 2204 3643 xxi.

1263 3674 1554 3782 Pyiiissqond
1576 3730 1620 3766 et
1644 3720 1802 3773 Ionici,
1829 3719 1952 3764 xxxi.
1975 3717 2079 3777 631.
