2288 4036
246 186 358 240 614
608 186 879 239 Naturam
904 203 939 238 a
970 184 1173 237 Graecis
1197 183 1409 237 minime
1434 184 1625 256 neyliyi
1647 208 1664 237 .·
1743 203 1904 249 PRAEL.
1925 203 2059 238 xxx.

253 332 510 391 decedas
570 331 646 389 de
707 329 1054 388 sententia:
1139 326 1375 386 desinas
1440 329 1688 387 tandem
1749 330 2062 387 venditare

252 432 425 489 nobis
478 428 843 488 medicinam
892 426 1060 484 illam
1113 434 1320 484 tamen
1363 425 1714 486 Poeticam:
1767 427 2064 486 habeatur

254 527 507 606 posthac
554 547 625 584 ea
675 533 966 602 tanquam
1015 544 1138 583 una
1190 526 1265 583 de
1313 523 1522 583 multis
1570 545 1680 593 arS,
1728 525 2064 603 voluptaria

257 626 500 705 quidem
547 624 653 682 illa
698 623 962 700 satisque
994 622 1256 701 elegam,
1289 622 1394 680 sed
1441 623 1691 682 minime
1728 643 1926 700 neque
1962 645 2066 683 ne-

258 725 512 784 cessaria
541 741 740 799 neque
772 721 1034 780 sancta.''

348 821 485 890 His,
524 828 595 878 ut
639 827 871 897 potem,
916 837 1226 877 occurram
1271 817 1488 877 hodie}
1538 837 1735 896 neque
1779 839 1922 878 vero
1966 840 2067 878 me

260 918 335 977 ad
383 937 593 976 eorum
640 923 837 975 castra
883 917 1186 993 recipiam,
1235 935 1580 993 quanquam
1629 917 1880 975 minime
1929 938 2069 976 con-

261 1017 574 1074 temnendi
622 1017 742 1074 sint
788 1022 1082 1084 auctores,
1115 1016 1219 1092 qui
1249 1017 1418 1094 genti
1453 1014 1796 1075 Hellenicae
1837 1017 1898 1073 in
1937 1017 2069 1074 uni-

262 1133 502 1173 versum
533 1121 761 1194 negant
794 1114 979 1172 fuisse
1011 1113 1135 1171 ullo
1173 1114 1236 1170 in
1271 1113 1501 1172 honore
1531 1115 1682 1172 ruris
1713 1134 1782 1172 ac
1816 1113 2069 1173 Naturae

246 1221 638 1290 apparatum.
737 1211 900 1271 Mihi
949 1213 1196 1290 quidem
1250 1215 1311 1270 in
1366 1213 1546 1271 simili
1601 1232 1801 1271 errore
1850 1214 2069 1272 versari

263 1312 546 1371 videntur
587 1313 696 1371 viri
743 1312 1012 1382 subtileS‚
1045 1332 1115 1371 ac
1157 1313 1204 1370 si
1243 1311 1520 1381 doceant,
1553 1331 1589 1369 a
1618 1313 1861 1369 nemine
1907 1332 2072 1389 pror-

264 1429 364 1469 sus
395 1410 606 1468 sentiri
648 1429 821 1487 posse
866 1410 1130 1469 musicos
1174 1411 1406 1478 modOS‚
1437 1411 1551 1468 nisi
1583 1411 1686 1486 qui
1718 1430 1781 1468 se
1813 1411 2073 1488 discipu-

264 1509 392 1567 lum
424 1509 727 1568 addixerit
758 1508 939 1567 alicui
970 1527 1179 1566 eorum
1206 1509 1309 1585 qui
1339 1508 1560 1567 fidibus
1584 1516 1827 1567 canunt.
1891 1509 2071 1579 Quod

266 1615 496 1678 contra,
530 1607 626 1666 vel
659 1608 735 1666 ab
766 1609 895 1684 ipsa
939 1627 1224 1665 sonorum
1255 1607 1573 1664 innumera
1603 1608 1912 1677 varietate,
1945 1609 2075 1685 qui-

266 1709 378 1766 bus
427 1706 588 1764 ultro
643 1706 954 1784 complent
1002 1726 1175 1764 aures
1223 1705 1403 1774 silvae,
1452 1707 1657 1775 maria,
1704 1706 1888 1775 fluvii,
1935 1726 2076 1764 con-

230 1812 481 1876 ‚centus
540 1806 761 1874 avium,
823 1812 1107 1863 resonant
1160 1804 1606 1881 quodammodo
1665 1806 1830 1864 intus
1889 1806 2075 1864 animi

265 1905 583 1963 hominum
644 1926 765 1963 non
830 1905 1011 1983 plane
1068 1905 1342 1974 ἀμούσων,
1406 1904 1635 1983 fingere
1705 1904 1902 1962 solent
1962 1905 2073 1963 sibi

267 2003 522 2080 quisque
569 2022 746 2061 suum
791 2004 1000 2071 melos,
1033 2003 1203 2061 nullo
1243 2011 1565 2080 praeeunte.
1657 2003 1779 2062 Sed
1817 2003 1969 2061 latet
2006 2024 2077 2062 ea

267 2121 363 2159 res
397 2101 611 2179 vulgus
648 2101 983 2170 hominum,
1015 2108 1360 2159 accuratam
1408 2121 1798 2160 numerorum
1831 2121 2078 2160 vocum-

269 2219 387 2275 que
419 2218 694 2256 normam
726 2200 1184 2275 requirentium.
1249 2198 1484 2257 Mirum
1515 2200 1578 2256 ni
1604 2199 1858 2257 eandem
1890 2217 2078 2276 prope

269 2296 658 2355 adhibuerint
704 2296 1046 2364 formulam,
1080 2297 1183 2373 qui
1229 2303 1522 2374 putarunt
1555 2297 1860 2355 Naturam
1903 2317 1939 2354 a
1978 2316 2079 2355 ve-

271 2404 402 2453 tere
445 2395 680 2453 Graecia
724 2395 970 2473 negligi.
1061 2395 1308 2473 Nempe
1354 2395 1564 2454 adulta
1603 2396 1731 2473 jam
1780 2403 1910 2454 arte
1956 2396 2081 2473 pic-

272 2502 493 2562 torum,
517 2495 581 2551 in
611 2514 978 2572 unoquoque
1011 2496 1277 2554 carmine
1307 2495 1663 2572 quaerebant
1689 2495 2078 2553 artificiosum

272 2593 575 2670 quoddam
618 2593 874 2670 picturae
918 2613 1129 2673 genUS,
1162 2595 1547 2671 partiumque
1588 2602 1730 2671 apte
1775 2594 2082 2653 cohaeren-

274 2694 426 2750 tium
476 2692 750 2750 ordinem
796 2694 1116 2769 quendam,
1163 2700 1344 2770 prout
1389 2713 1642 2770 quaeque
1691 2699 1797 2751 aut
1841 2693 1904 2750 in
1949 2712 2081 2750 um-

275 2792 447 2850 bram
484 2792 767 2850 recedere
804 2792 1042 2860 debeat,
1075 2800 1181 2850 aut
1221 2793 1285 2850 in
1321 2791 1482 2850 claro
1519 2792 1749 2850 lumine
1781 2791 2080 2850 collocari.

279 2889 417 2959 Qua
453 2890 863 2948 concinnitate
895 2910 1033 2948 cum
1074 2890 1317 2967 penitus
1348 2890 1538 2948 ferme
1571 2898 1801 2948 careret
1833 2889 2084 2966 pristina

280 2986 630 3045 Graecorum
660 2989 906 3058 familia,
938 2989 1186 3047 fuerunt
1217 2991 1320 3066 qui
1352 2989 1533 3048 nimis
1563 2990 1686 3048 cito
1718 2988 2081 3065 judicarent,

278 3087 521 3164 penitus
551 3087 812 3146 caruisse
844 3108 978 3146 eam
1012 3090 1178 3146 omni
1209 3088 1324 3147 hoc
1355 3108 1578 3166 genere
1610 3088 1890 3146 PoeseOS.

368 3183 606 3243 Verum
655 3186 731 3243 de
777 3205 848 3244 ea
893 3187 1229 3263 quaestione
1275 3207 1397 3244 non
1437 3189 1552 3245 erit
1599 3206 1706 3245 cur
1749 3185 1944 3243 multa
1988 3182 2086 3241 hic

284 3283 587 3352 disseram,
620 3290 756 3359 post
796 3291 891 3342 tot
934 3284 1216 3362 exempla
1253 3292 1380 3343 tam
1413 3286 1576 3344 varia
1615 3293 1743 3343 tam
1787 3282 2084 3361 praeclara,

285 3400 423 3458 quae
468 3382 690 3458 partim
732 3401 809 3440 ex
853 3382 1128 3441 Homero
1170 3383 1411 3461 protuli,
1460 3385 1676 3461 partim
1727 3402 1761 3440 e
1807 3381 2085 3449 PindarO,

286 3480 508 3556 partim
553 3499 587 3537 e
628 3480 820 3538 tribus
850 3480 1175 3559 Tragoedis.
1266 3481 1448 3551 Quod
1480 3482 1528 3539 si
1560 3481 1646 3539 nil
1677 3480 1799 3539 tale
1830 3486 2085 3547 extaret,

288 3585 351 3641 at
395 3578 653 3645 cuinam,
696 3578 964 3647 obsecro,
1004 3579 1162 3638 foret
1208 3580 1520 3649 credibile,
1548 3599 1702 3656 quae·
1730 3597 1877 3657 gens
1923 3577 2086 3636 omni
