2288 4036
972 233 1335 292 INDEX.-

250 364 342 408 xiii.
366 377 466 421 219.
507 373 670 420 magna
694 363 809 407 circa
831 377 906 406 eos
927 378 1109 410 conver-

251 423 331 473 sio,
353 429 551 479 tempore
575 422 774 473 Homeri,
797 422 872 464 xii.
892 435 992 476 204.
1028 437 1110 465 no-

249 481 365 523 visse
387 481 481 538 jam
503 487 598 523 tum
621 480 739 523 varia
760 479 1011 536 reipublicae
1033 496 1109 537 ge-

249 553 368 589 nera,
386 549 484 595 205.
523 553 752 581 servorum
771 538 890 595 apud
906 553 980 582 eos
1003 553 1110 583 con-

250 596 373 647 ditio,
410 604 608 653 tempore
646 596 847 647 Homeri,
884 600 972 640 xiv.
1007 611 1107 653 231.

251 661 359 712 quot
380 654 438 698 ob
461 669 615 698 causas
639 654 839 698 Homero
861 669 907 698 se
931 655 1108 699 dedide-

250 714 353 764 rint,
390 714 479 756 xvi.
515 723 600 769 270
634 713 713 756 &c.
766 713 913 756 literas
954 728 1109 757 eorum

250 772 346 829 ejus
377 772 521 822 colore
549 771 682 823 infici,
707 782 805 829 273,
828 787 870 826 4.
913 772 1108 828 optimus

250 830 438 888 quisque
458 828 810 886 Ὀμηρικώτατος,
836 830 935 873 281.
979 838 1110 873 aurea

250 902 404 954 eorum
437 887 624 931 Poeseos
656 895 776 939 aetas,
800 889 900 932 282.
943 903 1022 932 cur
1048 889 1108 931 E-

283 946 350 989 ica
369 946 567 1002 Tragicis
589 947 869 998 mutaverint,
885 947 989 990 xvii.
1006 948 1105 990 288.

283 1006 416 1047 ellum
443 1017 597 1047 eorum
624 1020 727 1048 cum
751 980 895 1048 Persis
922 1005 1108 1048 Sacrum

250 1063 403 1114 fuisse,
441 1062 542 1119 306,
577 1077 619 1120 9.
683 1063 883 1120 Delphos
924 1064 1108 1107 mirifice

249 1121 522 1188 spectabant,
554 1122 642 1164 x‘xi.
668 1122 770 1179 398.
823 1137 976 1165 eorum
1008 1122 1107 1165 reli-

248 1180 528 1237 giosissimus
547 1179 694 1231 Poeta,
710 1180 968 1239 AEschylus,
986 1181 1105 1223 xxiii.

247 1237 349 1292 464.
387 1238 622 1306 quomodo
650 1238 887 1282 formulam
912 1239 1106 1282 divinam

248 1297 465 1348 noverint,
488 1297 622 1340 xxvii.
646 1296 746 1351 546.
789 1311 880 1355 qua
906 1312 1106 1341 reveren-

246 1355 308 1398 tia
354 1354 512 1406 Poetae
564 1355 957 1413 prosequebantur,
1004 1367 1106 1412 550.

247 1413 413 1456 rustica
433 1404 562 1456 Poesi
581 1414 717 1456 ferme
739 1420 987 1465 caruerunt,
1001 1430 1104 1457 xxx.

248 1471 350 1528 613.
401 1486 493 1514 non
527 1483 615 1529 quo
648 1472 813 1515 rustica
846 1472 1105 1529 spreverint,

248 1529 350 1584 614.
402 1530 586 1573 fortasse
619 1537 798 1587 propter
828 1530 1105 1574 abundantes

248 1588 466 1646 ejusmodi
484 1588 674 1640 delicias,
690 1591 790 1646 617.
816 1589 898 1632 hac
916 1604 967 1632 ex
984 1596 1106 1646 parte

249 1647 412 1690 similes
429 1654 552 1690 erant
570 1647 879 1699 Hebraeorum,
898 1647 998 1704 623.
1032 1662 1105 1691 oc-

249 1707 441 1749 curritur
461 1706 695 1763 quaestioni
717 1706 770 1749 de
791 1721 841 1749 ea
860 1721 907 1749 re
927 1714 1106 1757 exortae,

247 1765 366 1808 xxxi.
382 1763 483 1821 629.
510 1764 675 1820 puerile
691 1779 846 1808 eorum
861 1765 1104 1831 ingenium,

247 1821 349 1880 632.
391 1822 558 1889 profuit
577 1823 666 1866 illis
686 1823 872 1866 Homeri
892 1822 1107 1867 austerior

249 1895 401 1932 sonus,
425 1878 572 1925 xxxvi.
598 1892 700 1938 737.-

193 1914 477 1983 Grammatici
516 1939 749 2007 cujusdam
790 1939 844 1983 de
887 1938 1106 2006 Sophocle

246 1998 464 2041 imitatore
484 1999 802 2049 testimonium,
820 1998 969 2041 xxviii.
988 1999 1089 2065 581

193 2057 491 2114 Grandiloqua
520 2057 568 2099 in
597 2031 824 2113 Georgicis
854 2071 942 2114 quo
974 2057 1106 2113 perti-

246 2122 394 2166 neant,
416 2114 580 2158 xxxvii.
600 2125 699 2171 745.

192 2174 359 2217 Gratiae
380 2172 498 2230 apud
515 2172 758 2217 Pindarum
780 2180 984 2225 evocatae,
1001 2183 1105 2217 xxv.

246 2243 347 2289 505.

193 2291 354 2334 Gressu
375 2290 612 2348 significari
632 2290 818 2342 animos,
841 2290 960 2333 xxiv.
983 2291 1085 2348 478.

193 2350 485 2407 Gymnasticis
508 2348 834 2393 hortationibus
855 2349 921 2392 uti
944 2349 1106 2392 Pinda-

245 2423 361 2459 rum,
394 2408 515 2452 xxiv.
548 2409 651 2465 483.
713 2420 783 2451 res
814 2408 1106 2474 gymnasticae

247 2481 327 2510 cur
346 2467 529 2524 propius
548 2467 727 2510 Graecos
749 2466 985 2523 tetigerint,
1002 2481 1103 2509 xxv.

387 2539 490 2568 cum
510 2525 657 2584 lyricis
680 2538 915 2568 commune
940 2524 1106 2582 aliquid

245 2525 483 2634 liggebant,
500 2594 602 2641 507.
645 2583 875 2641 gymnasia
897 2583 1105 2626 conveni-

246 2642 379 2685 ebant
393 2642 638 2698 praesertim
654 2641 956 2698 optimatibus,
970 2641 1103 2684 xxvii.

247 2712 349 2767 543.
399 2700 535 2744 ludus
568 2707 692 2744 erant
728 2699 955 2743 severioris
987 2699 1106 2751 vitae,

247 2758 366 2802 xxix.
389 2757 490 2802 606.

613 2863 675 2906 H.

190 2935 445 3052 Hoedulci63
439 2936 597 2981 fabella
645 2935 765 2993 apud
803 2929 1104 2987 Theocritum,

246 2995 352 3037 xxxi
448 2995 490 3038 8.

191 3053 458 3105 Hamletkas,
476 3052 725 3110 Tragoedia,
743 3068 847 3096 011111
869 3052 1104 3110 Choepho-

247 3111 307 3155 ris
342 3111 636 3169 componitur,
668 3111 756 3154 xxi.
786 3122 888 3168 405.
941 3111 1103 3186 quibus

247 3169 458 3228 gradibus
489 3170 551 3214 1111
578 3169 760 3227 prodeat
790 3170 954 3213 mortui
984 3168 1103 3213 εἴδω-

246 3230 341 3281 λον,
363 3239 464 3286 407.
505 3229 598 3286 ejus
627 3243 759 3272 causa
783 3228 950 3271 facilior
970 3243 1104 3295 quam

210 3286 435 3338 Orestis,
462 3300 563 3345 409.
626 3286 761 3330 dubia
793 3287 887 3344 ejus
924 3287 1102 3338 sanitas,

247 3346 394 3389 xxxiv.
418 3344 519 3403 690.

190 3404 431 3447 Harmonia
473 3418 582 3461 quas
632 3402 793 3447 habeat
839 3403 886 3446 in
928 3403 1104 3447 Poetica

246 3469 406 3519 partes,
442 3462 471 3505 i.
499 3476 566 3505 11.
611 3462 890 3513 Melicorum,
923 3476 1011 3520 qua
1049 3477 1103 3505 ex

246 3527 370 3576 parte
392 3520 552 3563 Ροὲ8111
572 3520 773 3587 attingat,
794 3520 854 3563 iii.
871 3520 942 3577 36.

189 3579 479 3636 Haruspicum
498 3578 618 3622 natio
638 3580 836 3630 molesta,
859 3595 932 3622 xx.
955 3578 1056 3635 380.

189 3637 372 3680 Hebetes
398 3651 477 3680 cur
504 3636 559 3679 ad
581 3636 864 3681 scribendum
894 3638 982 3681 sint
1002 3651 1104 3694 pro-

247 3696 408 3747 niores,
430 3695 517 3739 xvi.
543 3705 642 3753 275.

2004 243 2114 293 833

1196 363 1370 406 Hebrcei
1401 363 1448 406 in
1479 364 1735 408 nominibus
1768 365 1945 416 ludunt,
1975 381 2016 409 v.
2042 376 2112 432 71.

1252 422 1465 465 miracula
1497 423 1739 479 simplicius
1776 432 1996 476 enarrant,
2022 425 2112 468 viii.

1258 487 1355 524 112.
1397 479 1562 524 flebiles
1585 496 1738 524 eorum
1759 482 1881 525 modi
1906 497 2007 525 eum
2031 482 2112 526 So

1253 537 1448 596 phocleis
1471 546 1814 594 co,mponuntur
1837 541 1989 584 xxviii.
2009 540 2111 598 567.

1253 612 1333 641 cur
1363 598 1527 641 rustica
1552 597 1680 641 Po'esi
1710 598 1847 641 ferme
1878 599 2112 651 caruerint,

1251 672 1355 699 xxx.
1380 656 1480 699 622.
1524 671 1656 714 quem
1683 663 1830 700 tamen
1857 672 1993 700 usum
2019 657 2113 700 Na·-

1251 721 1364 758 turae
1385 713 1634 766 habuerint,
1658 713 1758 771 623
1782 730 1935 758 eorum
1959 715 2112 759 Po'esis

1251 773 1369 816 viam
1390 773 1571 829 parabat
1593 773 1793 824 Veritati,
1815 775 1873 816 xl.
1898 774 1998 817 808.

1193 831 1371 882 Hector,
1406 846 1581 897 summa
1610 832 1672 874 rei
1702 832 1804 875 Tro
1810 847 1919 883 anae,
1942 832 2014 875 vii.
2039 833 2111 876 88.

1251 889 1340 932 viii.
1361 889 1456 932 116.
1500 889 1539 932 ei
1561 890 1693 932 simul
1715 897 1756 933 et
1779 847 1947 934 (Lxraecis
1968 891 2113 935 favere

1254 947 1518 999 Homerum,
1536 949 1608 992 vii.
1626 962 1699 1005 93.
1738 949 1900 992 fatetur
1928 963 2114 992 suorum

1252 1007 1442 1063 culpam,
1465 982 1569 1049 ib'id.
1611 1004 1810 1059 uxorius,
1833 1022 1907 1065 99
1949 1022 2111 1064 corpus

1251 1065 1346 1122 ejus
1372 1073 1450 1107 cur
1478 1066 1591 1108 male
1621 1066 1874 1117 mulctetur,
1895 1065 1984 1110 viii.
2014 1073 2115 1123 119.

1252 1137 1356 1166 cum
1372 1122 1545 1166 Achille
1566 1124 1862 1190 componitur,
1886 1138 1983 1167 120.
2016 1133 2112 1182 eJus

1252 1181 1385 1224 crista
1405 1196 1484 1224 cur
1504 1181 1722 1233 laudetur,
1743 1182 1804 1226 ix
1823 1197 1920 1240 133.
1964 1197 2112 1226 coram

1250 1238 1384 1296 Ajace
1405 1239 1607 1296 trepidat,
1626 1252 1723 1297 135.
1767 1255 1904 1298 equos
1926 1241 2111 1299 alloqui-

1251 1305 1338 1349 tur,
1358 1312 1455 1351 141.
1488 1298 1680 1341 moriens
1698 1314 1801 1342 cum
1818 1300 1972 1343 Turno
1989 1314 2111 1342 com-

1251 1356 1445 1412 ponitur,
1467 1357 1616 1399 xxxvi.
1637 1357 1736 1414 726.

1193 1414 1370 1457 Hecuba
1402 1414 1642 1471 Euripidis,
1667 1414 1829 1459 Parodi-
1858 1415 1952 1472 ejus
1984 1416 2111 1467 ratio,

1249 1473 1368 1515 xxix.
1455 1487 1492 1515 1.

1192 1531 1371 1583 Helena,
1390 1485 1546 1574 &gntus
1561 1523 1615 1574 de
1631 1546 1682 1574 ea
1696 1532 1743 1574 in
1759 1526 2111 1588 Agamemnone,

1249 1605 1323 1632 xx.
1347 1588 1448 1646 364.
1493 1589 1577 1632 sub
1600 1590 1694 1647 ejus
1705 1605 1911 1690 6persona
1940 1591 2112 1634 moneri

1252 1647 1651 1705 Clytaemnestram,
1675 1648 1777 1705 365.

1192 1707 1360 1749 Helotae
1382 1714 1561 1763 propter
1580 1707 1809 1764 Tyrtaeum
1830 1707 2110 1759 manumissi,

1249 1765 1383 1808 xxvii.
1405 1773 1506 1822 552.

1191 1823 1373 1866 Henrici
1399 1824 1482 1875 IV,
1510 1823 1645 1880 Regis
1679 1824 1847 1875 Galliae,
1874 1823 2024 1876 erista,
2049 1824 2109 1867 ix.

1254 1896 1271 1924 1

1191 1895 1524 1983 Ηθνῗιέῑὶάανωη
1546 1940 1728 1992 reditus,
1752 1937 1839 1984 xvi.
1864 1939 1965 1995 265.

1187 1998 1480 2056 *Ηράκλισκος
1508 1974 1745 2050 Theocriti,
1777 2014 1913 2056 prope
1947 1999 2110 2043 Pindaa

1250 2057 1381 2108 ricus,
1403 2058 1522 2101 xxxi
1546 2058 1648 2111 640.

1190 2115 1443 2167 Herbertus,
1474 2116 1529 2159 G.
1573 2115 1797 2174 quomodo
1832 2116 2109 2161 verecundiae

1250 2176 1466 2226 consulat,
1489 2175 1607 2218 xxiv.
1631 2185 1731 2232 471.

1190 2233 1426 2276 Hercules.-
1460 2234 1554 2291 ejus
1584 2233 1703 2289 apud
1734 2233 1905 2277 Inferos
1934 2234 2108 2286 umbra,

1248 2291 1335 2335 xiv.
1361 2306 1461 2335 200.
1504 2292 1625 2349 apud
1648 2291 1915 2348 Sophoclem
1933 2293 2106 2359 furens,

1249 2350 1338 2393 xiii.
1363 2364 1463 2393 221.
1507 2351 1770 2393 Promethea
1801 2358 1878 2406 per
1900 2351 2109 2395 vicariam

1248 2423 1426 2465 poenam
1475 2409 1692 2460 liberavit,-
1734 2409 1822 2451 xix.
1866 2421 1967 2466 335,
2004 2420 2107 2476 353.

1247 2467 1341 2524 ejus
1356 2468 1575 2510 columnae
1589 2467 1707 2523 apud
1718 2466 1974 2519 Pindarum,
1989 2469 2108 2511 xxiv.
2133 2523 2137 2525 Π

1248 2541 1275 2578 4
1279 2526 1349 2581 8.7
1387 2526 1504 2569 xxvi.
1528 2537 1629 2583 522.
1678 2526 1840 2577 iii-,fans
1863 2537 1964 2594 525.
2013 2527 2109 2584 ejus

1248 2584 1484 2627 sacellum
1474 2599 1521 2626 ln
1538 2584 1718 2641 AEgina,
1733 2595 1834 2641 535.
1872 2585 1966 2641 ejus
1988 2584 2109 2642 apud

1250 2641 1516 2698 Sophoclem
1566 2656 1771 2700 angores,
1812 2643 1962 2686 xxviii.
2004 2642 2107 2710 566.

1249 2699 1542 2757 Sophocleus‚
1566 2700 1798 2744 Philocteti
1827 2701 2016 2745 nimium
2049 2702 2107 2745 si-

1247 2759 1379 2810 milis,
1403 2759 1503 2816 567.

1189 2818 1419 2919 He6rmione
1438 2817 1558 2874 apu'd
1575 2811 1851 2874 Euripidem,
1868 2818 1988 2861 xxix.
2004 2830 2106 2876 599,

1276 2887 1330 2930 05

1188 2934 1434 2977 Herodotus
1455 2934 1509 2978 de
1527 2934 1778 2986 Perdicca,
1768 2935 1812 2977 11.
1832 2934 1899 2978 16.
1934 2934 1987 2978 de
2006 2935 2104 2980 Ho-

1246 2993 1355 3036 meri
1386 3000 1528 3044 aetate,
1551 2994 1641 3036 xvi.
1665 2993 1765 3050 269,
1790 3004 1890 3050 271.
1936 2993 2105 3037 Home-

1245 3051 1362 3094 ricus
1385 3051 1581 3109 quidam,
1606 3063 1705 3109 273.
1749 3051 1963 3095 Nemesin
1987 3051 2107 3109 apud

1246 3125 1348 3153 eum
1370 3109 1601 3161 dominari,
1624 3126 1696 3153 xx.
1720 3109 1822 3166 368.

1188 3169 1352 3211 Heroes
1373 3175 1547 3234 tergum
1569 3168 1806 3226 aliquando
1827 3176 2022 3220 vertunt,
2043 3169 2104 3212 ix.

1250 3237 1347 3283 135.
1379 3227 1540 3283 partim
1560 3226 1781 3277 bellando,
1798 3227 1957 3283 partim
1982 3228 2104 3271 navi-

1245 3285 1392 3342 gando
1414 3285 1728 3336 inclaruerunt,
1750 3285 1809 3328 xi.
1832 3296 1929 3343 170.
1970 3285 2103 3329 Lares

1245 3358 1400 3387 eorum
1431 3344 1515 3387 sub
1549 3343 1748 3387 Deorum
1781 3345 1919 3387 tutela
1953 3343 2103 3395 fuisse,

1244 3417 1316 3446 xv.
1337 3416 1436 3459 249,
1456 3412 1555 3456 250.
1599 3403 1720 3445 Deos
1743 3402 1932 3446 subinde
1954 3417 2103 3445 cerne-

1243 3460 1366 3511 bant,
1402 3461 1501 3517 258.
1553 3460 1734 3503 aderant
1775 3459 2104 3518 quodammodo

1243 3518 1361 3562 ludis
1393 3519 1695 3576 gymnasticis‚
1718 3534 1819 3562 xxv.
1843 3532 1944 3575 490.
1989 3519 2103 3575 opti-

1245 3577 1432 3620 matium
1466 3578 1563 3620 loco
1599 3585 1705 3620 sunt
1739 3576 1946 3627 habendi,
1967 3577 2102 3621 xxvii.

1246 3647 1347 3692 542.
1384 3635 1470 3679 illis
1492 3635 1688 3693 adjungi,
1706 3650 1868 3692 magna
1888 3648 1990 3692 pars
2012 3642 2103 3679 erat

1248 3694 1401 3752 Elysii,
1427 3705 1529 3748 544,
1554 3705 1656 3751 555.
1707 3693 1827 3750 apud
1858 3693 2102 3737 Pindarum
2157 3730 2161 3735 .

1337 3783 1435 3835 311
