2288 4036
202 278 356 311 PRAEL.
379 278 603 312 xxxvm.
679 262 922 313 inservire
947 281 1005 314 ea
1031 263 1306 331 aliquando
1320 264 1559 332 picturae.
1849 264 1954 320 767

208 403 450 458 minime
509 403 769 469 obscura,
830 423 933 459 cur
989 405 1225 462 nomine
1283 403 1655 479 appellentur
1712 405 1954 480 singulae

210 499 492 573 regiones
582 497 751 574 Sapit.
808 501 1084 556 nimirum
1135 520 1205 556 ea
1261 519 1353 556 res
1399 519 1646 575 gnarum
1706 519 1773 556 ac
1826 500 1956 556 dili-

209 601 449 668 gentem
494 595 826 670 agricolam.
915 596 1143 654 Verum
1189 597 1396 671 saepius
1436 595 1675 651 additur
1719 615 1952 662 nomen,

209 689 372 747 nulla
401 691 719 747 admodum
751 692 992 758 ratione,
1025 694 1178 766 quod
1211 693 1283 748 ad
1324 711 1447 748 rem
1479 692 1728 747 attinet:
1774 691 1952 747 animi

210 794 444 842 tantum
492 795 553 843 et
605 789 909 844 suavitatis
952 808 1107 864 ergo,
1198 788 1426 863 Ecquid
1472 787 1648 852 aliud,
1695 787 1956 855 obsecre,

211 888 335 936 erat
372 882 432 936 in
469 901 656 949 causa,
689 902 792 938 cur
825 883 886 938 in
930 902 1106 939 aureo
1152 884 1409 939 carmine
1447 882 1520 938 de
1560 882 1695 937 vitae
1724 881 1956 937 rusticae

211 976 481 1033 laudibus
539 978 716 1034 toties
781 978 1117 1034 adhibuerit
1174 979 1407 1053 propria
1465 976 1727 1032 locorum
1787 996 1957 1033 voca-

209 1071 348 1128 bula
372 1072 426 1128 ‘3

855 1175 915 1218 At
935 1176 1034 1219 latis
1056 1176 1145 1219 otia
1164 1175 1331 1227 fundis,

448 1243 693 1300 Speluncae,
716 1246 891 1305 vivique
910 1249 1034 1291 lacus
1054 1265 1063 1291 z
1098 1255 1141 1291 at
1162 1247 1323 1305 frigida
1343 1248 1507 1304 Tempe,

441 1316 734 1374 Mugitusque
760 1318 914 1370 boum,
938 1320 1181 1376 mollesque
1203 1319 1287 1362 sub
1310 1319 1465 1363 arbore
1488 1319 1634 1362 somni

444 1388 550 1430 Non
571 1388 748 1432 desunt.
769 1421 775 1434 ,
799 1422 808 1433 .
827 1424 836 1434 .
855 1390 896 1433 O
919 1391 997 1433 ubi
1019 1391 1177 1446 campi,

445 1460 772 1518 Sperchiusque,
795 1468 837 1505 et
853 1462 1101 1519 virginibus
1123 1463 1336 1506 bacchata
1357 1463 1562 1505 Lacaenis

444 1532 637 1589 Tayqeta
652 1532 679 1575 ‚9
711 1533 752 1576 O
775 1534 851 1591 qui
873 1549 943 1576 me
964 1534 1120 1590 gelidis
1144 1534 1228 1577 sub
1249 1534 1439 1577 vallibus
1461 1534 1602 1576 Hcemi

443 1604 592 1656 Sistat,
615 1612 657 1648 et
678 1606 847 1663 ingenti
867 1621 1093 1650 ramorum
1114 1613 1316 1664 protegat
1338 1606 1498 1649 umbra
1516 1609 1524 1648 Ξ

210 1706 502 1765 Mirificus
561 1727 697 1766 sane
757 1730 1072 1767 concursus
1130 1711 1394 1767 locorum
1454 1709 1750 1765 latissimis
1810 1710 1960 1785 regi-

209 1801 418 1857 onibus
462 1803 618 1858 inter
660 1823 721 1860 se
766 1805 1157 1862 distantium:
1203 1824 1278 1861 ex
1324 1824 1439 1879 quo
1484 1803 1797 1880 intelligaS‚
1840 1823 1957 1860 non

205 1899 338 1954 ideo
385 1901 594 1957 adduci
641 1902 896 1967 nomina,
936 1908 1004 1956 ut
1045 1921 1248 1957 eorum
1294 1921 1404 1975 ope
1449 1899 1678 1956 facilius
1722 1918 1960 1974 compo-

134 2062 139 2064 ,
205 2005 420 2054 uantur
459 1998 655 2053 omnia
697 1998 758 2052 in
797 2016 974 2053 unam
1018 1999 1176 2071 quasi
1227 1998 1553 2071 picturam:
1599 1996 1697 2070 qui
1729 1995 1959 2051 fructus

206 2114 324 2150 non
382 2113 509 2150 raro
564 2093 808 2167 capitur,
869 2093 1060 2150 allatis
1120 2093 1395 2149 videlicet
1452 2093 1716 2149 locorum
1773 2091 1961 2147 nomi-

208 2197 380 2252 nibus
428 2202 557 2251 tum
606 2194 999 2260 familiarium,
1053 2204 1181 2251 tum
1232 2196 1712 2270 propinquorum.
1800 2193 1959 2261 Quid

209 2300 408 2350 autem
463 2291 745 2367 Sperchio
790 2311 924 2348 cum
970 2291 1286 2368 Taygetis?
1352 2292 1490 2366 quid
1536 2291 1772 2365 utrique
1822 2309 1957 2346 cum

209 2388 467 2446 Haemo?
513 2387 713 2445 Aliam
763 2407 1002 2445 necesse
1049 2397 1138 2444 est
1190 2389 1285 2444 hic
1330 2406 1662 2462 quaeramus
1712 2387 1959 2461 poeticae

207 2486 532 2542 venustatis
563 2485 872 2541 rationem.
1896 2560 1898 2562 K

289 2581 408 2637 Sed
452 2581 611 2656 prius
650 2581 935 2637 addamus
981 2580 1255 2655 exempla
1291 2581 1407 2636 duo
1450 2579 1543 2636 vel
1581 2580 1711 2636 tria.
1805 2580 1958 2636 Nam

205 2678 491 2735 hactenus
535 2697 668 2752 quae
713 2688 851 2733 sunt
904 2678 1081 2744 dicta,
1132 2680 1452 2733 maximam
1499 2684 1748 2751 partem,
1795 2677 1959 2732 velut

208 2773 422 2848 raptim
453 2774 799 2837 transeunti,
831 2792 949 2828 uno
980 2772 1103 2828 solo
1140 2771 1575 2829 concluduntur
1603 2772 1801 2828 verbo,
1849 2771 1959 2828 Est

204 2877 421 2936 autem,
466 2870 568 2925 ubi
620 2870 925 2925 nominum
970 2869 1336 2943 propriorum
1376 2887 1487 2925 usu
1530 2868 1589 2924 id
1635 2869 1958 2943 praesertim

205 2965 299 3042 agi
344 2966 591 3031 videtur,
633 2973 701 3020 ut
739 2966 904 3040 justa
949 2966 1180 3039 pictura
1223 2964 1352 3020 loco
1384 2971 1564 3031 cert0,
1595 2971 1775 3039 atque
1811 2966 1958 3021 adeo

207 3062 455 3117 veritate
503 3061 774 3135 quadam,
823 3061 1090 3116 donetur.
1181 3060 1315 3128 Qua
1365 3061 1407 3115 si
1460 3060 1700 3125 carebit,
1745 3060 1960 3135 imper-

207 3157 429 3212 fectum
460 3157 571 3213 erit
602 3163 663 3212 et
687 3176 962 3213 mancum
994 3174 1138 3230 opus
1166 3155 1380 3229 alioqui
1415 3155 1957 3229 exquisitissimum.

210 3252 398 3311 Verbi
430 3271 604 3309 causa
624 3261 686 3309 ¹¹:

447 3363 542 3408 Sub
569 3365 752 3408 OEbaliae
774 3364 955 3408 memini
977 3379 1047 3407 me
1069 3362 1269 3407 turribus
1290 3362 1403 3414 altis,

321 3513 339 3542 t
365 3512 518 3567 Geor-9.
543 3525 582 3554 2.
606 3511 707 3565 468.
1374 3519 1399 3540 ¹¹
1420 3511 1530 3553 Ibid.
1554 3526 1595 3564 4.
1624 3522 1719 3567 125.
