2288 4036
236 193 345 248 754
607 193 888 264 Viryilium
916 212 1026 246 cum
1056 195 1297 265 ayrioolis
1321 197 1554 250 occultare
1572 219 1588 250 .·
1642 218 1801 253 PRAEL.
1824 219 2032 254 xxxvn.

477 337 696 389 Exierint,
713 338 808 396 jam
831 337 1003 396 stringe
1024 352 1192 390 comas,
1209 338 1306 397 jam
1326 338 1511 383 brachia
1530 339 1684 385 tonde.

474 411 596 455 Ante
618 411 911 468 reformidant
931 411 1099 455 ferrum
1118 428 1128 455 ι
1161 419 1260 456 tum
1283 411 1477 472 denique
1499 413 1612 458 dura

473 485 647 528 Eoeerce
665 484 866 542 imperia,
889 491 932 528 et
952 499 1104 529 ramos
1126 500 1347 544 compesce
1365 487 1573 532 fluenteS.
1593 523 1602 533 .
1624 523 1634 533 .
1653 523 1663 534 .

475 557 709 616 Praecipue
731 558 844 602 dum
865 558 992 603 frons
1014 566 1167 603 tenera
1187 560 1523 619 imprudens-que
1544 561 1754 607 laborum.

232 653 425 712 Multi
480 655 810 713 seminibus
861 663 924 713 et
976 656 1199 733 plantis
1251 660 1517 717 tribuere
1569 680 1792 729 sensus,
1845 680 2029 738 seque

230 774 369 812 cum
400 755 472 813 iis
504 754 696 814 laetari
729 767 791 813 et
822 757 961 833 angi
993 758 1498 835 significaverunt.
1587 759 1880 837 Virgilius
1926 781 2030 819 au-

228 864 355 912 tem
393 854 566 912 illum
612 854 812 912 locum
856 877 996 914 cum
1042 859 1342 934 praecipuo
1373 860 1633 935 quodam
1667 859 1904 929 affectu,
1938 873 2026 919 at-

229 973 345 1029 que
377 954 564 1035 utffiita
594 955 808 1024 dicam,
842 939 1106 1026 tutelari,
1141 958 1424 1015 tractavit
1444 966 1486 1016 a·

726 1059 911 1103 Animos
927 1060 1088 1104 tollent
1109 1067 1229 1104 sata:
1240 1095 1400 1106 ......
1511 1100 1515 1104 ,

469 1129 488 1156 b
512 1131 657 1191 Inque
679 1147 822 1177 novos
846 1133 963 1177 soles
985 1133 1148 1177 audent
1167 1149 1214 1177 se
1233 1135 1441 1192 gramina
1460 1142 1561 1180 tuto

474 1205 675 1258 Credere,
697 1221 780 1250 nec
801 1208 955 1251 metuit
975 1215 1214 1266 surgentes
1236 1209 1479 1266 pampinus
1496 1209 1707 1263 Austros,

468 1279 566 1324 Aut
586 1288 738 1325 actum
762 1282 873 1326 caelo
893 1282 1075 1340 magnis
1096 1282 1402 1341 Aquilonibus
1424 1283 1632 1328 imbrem.

316 1378 454 1437 Nec
483 1381 918 1456 praetereunda,
950 1401 1088 1457 quae
1119 1381 1355 1458 plantas
1387 1382 1732 1441 describunt
1764 1383 1972 1442 insitas
1987 1393 2027 1442 ⁰.

834 1484 934 1529 Nec
954 1486 1147 1543 longum
1168 1493 1366 1544 tempus,
1389 1494 1434 1531 et
1453 1487 1616 1546 ingens

469 1558 592 1603 Exiit
613 1559 674 1603 ad
693 1560 844 1603 caelum
866 1560 1005 1603 ramis
1027 1559 1234 1603 felicibus
1256 1559 1406 1612 arbos,

466 1633 752 1691 Miraturque
771 1648 913 1678 novas
934 1632 1133 1686 frondeS,
1156 1640 1199 1677 et
1221 1648 1314 1677 non
1337 1648 1420 1677 sua
1440 1647 1591 1690 poma.

224 1730 365 1800 Quo
398 1731 459 1787 in
490 1731 623 1788 loco
655 1731 1149 1788 animadvertatis
1175 1729 1354 1787 velim
1388 1729 1538 1787 illud
1564 1730 1748 1787 etiam
1780 1730 2026 1788 solenne

221 1829 522 1908 agricolis,
562 1839 634 1887 ut
679 1831 881 1888 nescio
913 1851 1063 1907 quos
1107 1837 1290 1908 agant
1336 1829 1693 1907 triumphOS,
1731 1837 1794 1887 et
1838 1830 1900 1886 in
1944 1829 2030 1886 al-

224 1935 359 1986 tum
396 1928 843 2004 quodammodo
890 1926 1231 1995 efferantur,
1272 1945 1555 2003 prospero
1602 1925 1859 1984 culturae
1906 1945 2026 1983 suae

222 2047 525 2087 successu
616 2026 836 2097 Qualia
866 2036 1007 2086 sunt
1039 2035 1102 2085 et
1133 2023 1315 2086 illad:

468 2146 594 2205 Ergo
615 2146 764 2191 omnis
785 2147 913 2204 largo
934 2145 1144 2204 pubescit
1164 2145 1296 2189 vinea
1315 2144 1457 2196 foetu3

470 2220 772 2279 Complentur
792 2221 1020 2279 vallesque
1042 2234 1163 2263 cavae
1186 2219 1417 2276 saltusque
1438 2217 1670 2275 profundi,

467 2296 528 2340 Et
550 2310 824 2355 quoeunque
847 2295 975 2339 Deus
998 2294 1170 2338 circum
1192 2299 1327 2351 caput
1349 2293 1441 2351 egit
1460 2291 1705 2337 honestum
1714 2327 1843 2337 .....

465 2376 489 2400 e
507 2369 688 2413 Primus
709 2384 813 2413 vere
836 2383 1000 2421 rosam,
1023 2375 1158 2427 atque
1179 2374 1402 2411 autumno
1424 2381 1605 2425 carpere
1626 2381 1777 2424 poma.

472 2478 694 2490 ........
710 2442 728 2474 f
743 2443 815 2487 Illi
835 2443 942 2487 tiliae
964 2449 1099 2502 atque
1120 2441 1349 2486 uberrima
1369 2441 1523 2499 pinus,

469 2517 686 2577 Quotque
707 2518 755 2562 in
776 2518 886 2562 flore
908 2504 1027 2561 novo
1049 2516 1197 2575 pomis
1221 2531 1268 2560 se
1288 2516 1445 2560 fertilis
1469 2515 1602 2561 arbos

469 2592 705 2646 Induerat,
727 2592 917 2637 totidem
939 2600 1162 2637 autumno
1183 2599 1363 2636 matura
1383 2586 1579 2635 tenebat.

314 2692 541 2750 Lenius
585 2692 1034 2769 quodammodo
1086 2699 1149 2749 et
1196 2688 1577 2767 tranquillius
1629 2688 1780 2757 fluit,
1830 2708 2027 2765 neque

227 2805 434 2869 tamen
480 2811 601 2848 non
640 2810 780 2848 vere
829 2791 1152 2867 respondet
1196 2790 1525 2867 agrestium
1570 2787 1801 2856 animis,
1834 2788 2027 2846 senio-

227 2911 359 2948 rum
393 2892 738 2967 praesertim,
768 2891 1134 2948 autumnalis
1165 2890 1268 2948 ille
1299 2896 1562 2948 cantusg
1583 2908 1595 2947 ε

470 2994 568 3039 Nec
589 2994 781 3053 requies,
804 2993 915 3053 quin
937 3000 1015 3037 aut
1037 2993 1184 3051 pomis
1206 2992 1421 3036 exuberet
1442 3006 1607 3043 annus,

469 3071 566 3115 Aut
587 3071 701 3115 foetu
723 3085 955 3129 pecorum,
980 3075 1059 3113 aut
1083 3067 1278 3112 Cerealis
1299 3067 1488 3125 mergite
1510 3066 1664 3118 culmi,

472 3144 793 3203 Proventuque
814 3150 970 3188 oneret
994 3144 1160 3194 sulcos,
1184 3149 1318 3200 atque
1338 3141 1500 3185 horrea
1521 3140 1686 3185 vincat.

472 3218 611 3262 Venit
630 3218 789 3278 hyems
807 3235 816 3263 ε
850 3218 1011 3262 teritur
1034 3216 1245 3275 Sicyonia
1264 3215 1403 3260 bacca
1422 3214 1635 3273 trapetis;

473 3291 650 3336 Glande
674 3308 777 3336 sues
799 3293 893 3337 laeti
914 3291 1105 3336 redeunt
1118 3310 1131 3344 3
1167 3289 1276 3334 dant
1298 3289 1460 3334 arbuta
1480 3289 1645 3349 sy1vae3

474 3367 534 3411 Et
554 3367 703 3412 varios
726 3367 853 3425 ponit
876 3367 1013 3411 foetus
1035 3374 1312 3417 autumnus3
1347 3371 1390 3409 et
1411 3365 1497 3408 alte

473 3441 602 3486 Mitis
624 3441 672 3485 in
695 3441 856 3499 apricis
879 3441 1090 3500 coquitur
1110 3439 1340 3484 vindemia
1361 3439 1495 3483 saxis.
1548 3464 1551 3467 -

291 3575 314 3599 a
341 3568 507 3625 Geor9.'
526 3581 567 3610 2.
592 3577 696 3624 350.
792 3563 809 3590 ¹³
830 3565 944 3609 Ibid.
966 3579 1007 3609 2.
1032 3578 1135 3623 332·
1243 3570 1264 3593 c
1285 3562 1399 3606 Ibid.
1426 3576 1467 3605 2.
1492 3561 1566 3605 81.
1677 3559 1701 3590 d
1723 3558 1837 3603 Ibid.
1859 3573 1899 3603 2.
1923 3572 2027 3616 390.

231 3651 251 3674 e
274 3642 388 3687 Ibid.
413 3658 455 3697 4.
485 3655 584 3699 134.
710 3638 861 3684 said,
887 3655 928 3694 4.
957 3654 1057 3694 141.
1183 3646 1208 3676 8
1230 3637 1343 3682 Ibid.
1371 3650 1412 3680 2.
1439 3636 1542 3691 516.
