2288 4036
156 280 467 315 PRAEL.XXX1.
515 262 620 314 O'ur
643 280 704 314 ea
725 262 937 332 saepiuS,
956 280 1068 331 quae
1093 263 1150 314 in
1174 280 1331 315 manu
1354 263 1475 326 sint,
1495 281 1753 316 canamus.
1800 263 1908 322 6529

154 406 404 481 quadam
441 413 503 462 et
542 406 744 462 ordine
782 424 887 480 per
926 413 1121 481 partes
1165 424 1297 463 suas
1340 413 1402 462 et
1432 407 1594 481 quasi
1639 407 1906 464 membra

154 501 488 569 adolevisse,
519 509 587 558 ut
623 503 707 559 ita
737 502 948 571 dicam,
980 502 1322 560 Graecorum
1354 502 1602 571 Poesin3
1650 522 1720 560 ea
1748 502 1899 580 lege,

155 605 222 654 ut
270 600 429 673 prius
472 599 724 675 viguerit
772 598 1160 659 Homericum
1211 606 1274 656 et
1333 607 1642 657 actuosum
1699 619 1905 677 genUS‚

154 713 329 769 quam
367 695 426 762 ii,
458 696 556 770 qui
600 714 734 751 cum
769 694 1023 772 Virgilio
1057 696 1454 771 Lucretioque
1499 714 1625 753 sese
1668 714 1907 772 recepe-

154 797 290 846 runt
333 791 394 846 in
436 791 583 848 ruris
621 810 688 847 ac
721 790 974 850 Naturae
1004 792 1274 860 latebraS,
1307 793 1442 849 fessi
1474 791 1752 850 videlicet
1783 794 1906 851 sive

153 888 304 944 curis
347 887 655 944 hominum
686 907 789 945 seu
819 908 971 945 vano
1001 890 1267 946 veritatis
1311 890 1524 946 studio.
1614 889 1695 945 Id·
1729 909 1902 966 porro

153 1003 270 1040 non
300 984 544 1040 fortuito
575 1003 702 1041 esse
731 985 972 1053 factum,
1005 986 1107 1042 sed
1138 986 1232 1042 via
1261 987 1514 1061 quadam
1555 993 1617 1043 et
1656 987 1902 1054 ratione,

154 1098 426 1137 concesso
457 1080 681 1136 scilicet
714 1082 882 1157 aegris
913 1081 1258 1139 mortalibus
1288 1101 1359 1138 eo
1389 1101 1633 1139 munere
1664 1082 1904 1158 benigni

155 1175 452 1243 Numinis„
498 1182 567 1232 ut
625 1183 899 1233 extarent
954 1177 1196 1233 tandem
1255 1176 1604 1252 Scriptores,
1655 1197 1905 1253 quorum

153 1292 264 1348 ope
305 1272 515 1329 melius
559 1273 896 1330 fruerentur
938 1292 1150 1330 arcano
1186 1272 1288 1330 illo
1321 1275 1485 1349 quasi
1530 1274 1757 1342 solatio,
1788 1294 1906 1350 quo

151 1369 325 1445 plena
367 1388 434 1426 ac
478 1370 742 1426 conferta
784 1378 923 1427 sunt
967 1370 1097 1426 haec
1137 1371 1351 1438 omnia,
1382 1389 1516 1445 quae
1559 1371 1744 1429 oculis
1785 1391 1913 1429 cer-

151 1466 360 1522 nimus.

235 1563 551 1620 Rationem
602 1571 803 1621 autem
861 1562 1013 1620 hanc
1070 1569 1331 1620 nostram
1388 1563 1660 1641 intelligo
1714 1583 1789 1621 ex
1839 1584 1910 1621 ea

151 1664 318 1734 parte
346 1659 607 1715 maxime
637 1659 920 1727 laborare,
950 1678 1066 1733 qua
1096 1659 1382 1727 dicebam,
1415 1661 1715 1718 veteribus
1745 1659 1906 1718 Grae-

152 1754 233 1812 cis
267 1754 323 1811 id
362 1754 606 1812 fortasse
648 1756 711 1811 in
753 1774 928 1812 causa
957 1755 1151 1823 fuisse,
1183 1775 1288 1813 cur
1317 1755 1509 1826 Poesi‚
1539 1777 1675 1832 quae
1706 1758 1777 1815 ad
1810 1776 1909 1815 rus

151 1850 488 1925 pertineret,
533 1859 817 1920 carerent,
861 1853 1020 1927 quod
1066 1853 1176 1928 ipsi
1224 1871 1359 1909 rure
1402 1873 1470 1910 ac
1517 1853 1766 1911 Naturae
1810 1855 1910 1912 de-

153 1945 300 2003 liciis
334 1947 497 2004 nullo
543 1968 661 2004 non
706 1955 977 2024 tempore
1016 1950 1130 2006 frui
1161 1956 1223 2006 et
1251 1950 1338 2006 uti
1386 1956 1681 2025 poterant.
1766 1950 1905 2008 Jam

152 2044 309 2107 enim
349 2046 506 2102 dicat
551 2045 776 2121 aliquis,
809 2053 840 2077 “
862 2045 1159 2104 Novimus
1197 2046 1309 2122 ipsi
1348 2055 1527 2115 vates,
1560 2054 1622 2104 et
1658 2048 1910 2106 eximios

152 2142 409 2215 quidem,
439 2142 651 2217 quibus
694 2144 1016 2222 agrestium
1060 2142 1270 2200 harum
1309 2142 1686 2219 voluptatum
1717 2146 1912 2219 quoti-

153 2238 356 2294 dianus
407 2246 469 2295 et
521 2240 851 2296 communis
902 2259 1042 2297 usus
1093 2240 1240 2296 adeo
1298 2259 1419 2296 non
1471 2241 1734 2309 suaserit,
1789 2242 1909 2298 vivi

153 2353 320 2409 posse
341 2335 466 2392 sine
487 2335 745 2402 Poetica‚
769 2344 838 2392 ut
862 2354 1037 2393 omne
1067 2337 1304 2412 penitus
1334 2356 1527 2394 aevum
1551 2339 1908 2396 carminibus

153 2430 212 2487 id
254 2450 440 2507 genus
483 2433 788 2489 cantandis
830 2433 1147 2490 insumant.
1236 2433 1357 2501 Qui
1400 2435 1590 2510 ergo‚”
1619 2435 1908 2510 inquient,

153 2534 187 2559 ‘⁶
208 2528 333 2584 fieri
407 2528 618 2602 potuit,
679 2536 747 2584 ut
811 2536 1042 2586 veteres
1107 2529 1363 2596 silerent,
1431 2532 1641 2587 eodem
1707 2551 1908 2590 amore

153 2625 309 2700 capti
331 2625 394 2682 ?''

235 2720 417 2789 Quasi
447 2740 586 2777 vero
616 2723 926 2797 quisquam
962 2722 1090 2779 fieri
1134 2742 1303 2798 posse
1342 2729 1539 2800 neget,
1570 2730 1638 2780 ut
1680 2724 1741 2780 in
1785 2743 1911 2781 me-

154 2817 262 2874 diis
292 2837 524 2893 quoque
555 2818 778 2876 deliciis
814 2826 1028 2895 egeant
1066 2826 1246 2895 atque
1293 2827 1585 2897 angantur
1621 2820 1910 2878 homines.

156 2913 298 2971 Non
329 2916 486 2971 enim
516 2916 782 2973 absentia
818 2916 996 2972 modo
1026 2917 1111 2972 rei
1139 2923 1349 2974 amatae
1378 2917 1601 2974 turbari
1632 2916 1908 2985 solemuS‚

155 3029 357 3067 verum
405 3012 605 3079 etiam,
645 3012 964 3068 maximam
1017 3019 1263 3088 partem,
1310 3012 1643 3070 laboramus
1695 3014 1909 3071 acerbo

155 3110 409 3183 quodam
442 3109 867 3167 imbecillitatis
910 3117 1122 3166 nostrae
1165 3128 1356 3178 sensu,
1394 3129 1511 3185 quo
1553 3110 1638 3176 fit,
1678 3117 1747 3166 ut
1792 3111 1910 3167 suis

155 3205 279 3280 ipse
308 3206 531 3263 deliciis
574 3206 764 3282 impar
807 3206 1019 3263 evadat
1062 3208 1311 3274 animus,
1342 3214 1404 3264 et
1435 3199 1598 3282 quasi
1639 3225 1910 3263 succum-

155 3300 275 3357 bat.
369 3301 636 3378 Ecquem
681 3322 819 3359 vero
863 3311 1130 3360 nostrum
1182 3322 1301 3360 non
1350 3302 1664 3379 aliquando
1708 3303 1911 3378 tetigit

156 3398 364 3455 amaris
394 3400 557 3473 quasi
587 3399 840 3456 stimulis
883 3399 1240 3457 admirabilis
1283 3399 1379 3457 hic
1422 3406 1712 3457 terrarum
1755 3398 1910 3455 caeli-

157 3511 272 3566 que
315 3495 624 3568 aspectus?
670 3497 902 3570 quoties
942 3496 1220 3554 videlicet
1264 3496 1449 3554 oculis
1492 3503 1759 3554 cerneret
1801 3495 1909 3552 ali-

159 3588 302 3660 quis,
333 3588 725 3663 pulcherrime
764 3590 918 3648 inter
947 3610 1008 3648 se
1038 3592 1287 3661 misceri,
1320 3612 1468 3669 vago
1504 3592 1605 3650 illo
1636 3593 1738 3650 sed
1768 3610 1906 3648 vero
