2288 4036
223 255 377 287 PRAEL.
400 253 622 285 xxxvm.
672 234 962 302 praesertim
988 233 1043 284 in
1069 232 1211 283 tristi
1235 248 1435 282 suorum
1462 231 1613 281 exitu.
1862 229 1967 285 763

224 378 404 435 tacita
433 384 492 433 et
523 376 767 433 salubris
798 395 946 432 vena
985 395 1089 450 per
1117 374 1218 430 illa
1248 375 1427 430 etiam
1461 373 1808 448 Virgiliana,
1840 393 1967 447 quae

224 473 413 547 palam
468 481 528 527 et
580 479 780 546 aperte
839 471 1137 528 declarant
1196 489 1413 546 aegrum
1471 477 1532 524 et
1583 470 1966 542 irrequietum

224 568 501 623 animum.
591 565 776 623 Verbi
806 562 1022 642 gratias
1039 583 1051 622 :

459 666 679 710 Sternitur
699 665 850 708 infelix
871 666 1012 709 alieno
1033 667 1228 717 vulnere,
1251 666 1497 723 caelumque

456 738 641 794 Aspicit,
664 743 705 780 et
725 737 868 781 dulces
888 739 1072 781 moriens
1092 738 1382 780 reminiscitur
1404 737 1558 793 Aryos.

227 832 344 890 Vel
387 852 471 898 ea,
513 852 646 906 quae
692 832 1018 907 depingunt
1065 831 1315 887 Didonis
1360 841 1679 905 aspectum,
1711 831 1967 887 animam

225 929 399 984 modo
420 929 546 1002 jam
577 929 838 1004 agentis&
865 948 877 983 :

694 1020 937 1078 Oculisque
959 1020 1224 1072 errantibus,
1248 1022 1337 1063 alto

465 1094 670 1141 Quaesivit
689 1094 791 1136 coelo
814 1093 959 1143 lucem,
981 1092 1283 1149 ingemuitque
1303 1097 1487 1148 reperta.

227 1188 531 1263 Significat
575 1187 764 1262 plane,
811 1195 942 1261 post
987 1193 1078 1242 tot
1123 1186 1489 1246 calamitates
1536 1205 1603 1242 ac
1649 1186 1828 1241 taedia
1876 1185 1969 1241 vel

227 1284 416 1341 exsilii
465 1283 558 1340 vel
607 1283 855 1338 infelicis
907 1282 1086 1338 etiam
1135 1283 1360 1348 amoris
1411 1300 1710 1356 superesse
1768 1287 1970 1336 tamen

226 1381 378 1455 quod
431 1378 823 1454 amplectatur
866 1378 1075 1452 aliquis
1121 1377 1183 1433 in
1229 1378 1340 1434 hoc
1388 1377 1775 1434 incertissimo
1835 1377 1970 1433 vitae

225 1473 528 1531 curriculo,

307 1570 483 1649 Quid,
543 1570 699 1643 quod
760 1569 1000 1626 solenne
1058 1570 1222 1637 illud,
1284 1578 1316 1601 ‘⁶
1347 1569 1694 1626 mortalibus
1754 1570 1971 1644 aegriS,''

225 1673 258 1697 ‘⁶
286 1667 512 1722 miseris
554 1665 948 1732 mortalibUS,”
990 1673 1051 1722 et
1092 1667 1139 1722 si
1177 1667 1317 1740 quid
1354 1667 1509 1741 apud
1551 1685 1687 1722 eum
1719 1666 1972 1722 occurrit

225 1762 528 1837 ejusmodi,
552 1761 810 1837 mitigari
841 1780 1071 1836 semper
1100 1762 1284 1818 ferme
1315 1762 1541 1818 curavit
1566 1761 1744 1826 verbo
1775 1761 1970 1836 aliquo

224 1859 433 1915 melius
491 1857 795 1914 ominato?
858 1857 1021 1915 velut
1071 1859 1168 1915 ubi
1226 1859 1415 1922 docet,
1465 1858 1712 1914 describi
1762 1857 1970 1914 caelum

226 1974 398 2011 omne
428 1956 487 2010 in
519 1955 775 2028 quinque
805 1962 1017 2028 partes,
1050 1974 1151 2011 seu
1182 1951 1403 2011 zonash
1429 1974 1440 2011 ε

695 2076 885 2118 quarum
907 2076 997 2105 una
1018 2076 1203 2105 corusco

460 2132 644 2189 Semper
667 2132 768 2176 Sole
789 2134 970 2186 rubens,
994 2141 1035 2177 et
1056 2134 1223 2178 torrida
1244 2149 1417 2191 semper
1439 2134 1494 2178 ab
1515 2134 1644 2192 igne;

461 2204 609 2252 Quam
630 2205 796 2249 circum
819 2212 1025 2249 extremae
1047 2205 1201 2250 dextra
1219 2208 1417 2264 laevaque
1437 2206 1678 2249 trahuntur

460 2275 658 2319 Caerulea
678 2277 816 2334 glacie
838 2284 1054 2321 concretae
1075 2284 1206 2337 atque
1226 2277 1445 2321 imbribus
1467 2277 1588 2321 atris.

459 2349 556 2391 Has
577 2349 690 2391 inter
710 2349 985 2406 mediamque,
1008 2349 1100 2392 duoe
1121 2349 1376 2393 mortalibus
1396 2350 1526 2406 oeyris

459 2421 640 2463 Munere
661 2436 868 2464 concessae
890 2422 1064 2465 Divum.

311 2515 423 2572 His
452 2517 584 2572 addi
621 2523 899 2590 poterunt
923 2535 1008 2582 ea,
1033 2535 1166 2590 quae
1196 2535 1403 2592 greges
1428 2515 1782 2591 capellarum
1816 2536 1975 2574 com-

226 2608 538 2669 mendanti
564 2631 576 2668 ε

463 2705 558 2749 Nec
580 2706 729 2749 minus
750 2706 916 2750 interea
935 2706 1095 2750 barbas
1116 2706 1360 2764 incanaque
1382 2713 1530 2750 menta

465 2776 673 2835 Cinyphii
693 2778 881 2822 tondent
899 2778 1026 2830 hirci,
1049 2785 1251 2836 setasque
1272 2786 1512 2830 comantes,
1584 2777 1589 2786 “

464 2850 613 2894 Usum
633 2850 680 2893 in
703 2859 950 2894 castrorum
972 2858 1014 2894 et
1034 2851 1206 2894 miseris
1228 2852 1445 2894 velamina
1465 2851 1626 2894 nautis.

232 2941 446 2998 Noluit
511 2950 546 2974 “
577 2944 853 3012 miseros”⁴
907 2944 1205 3019 appellari,
1265 2945 1325 2999 ni
1398 2945 1671 3001 solatium
1741 2964 1976 3020 quoque

228 3038 536 3094 adhibeat:
582 3039 872 3112 provideri
905 3038 1059 3094 ultro
1090 3039 1422 3114 algentibus
1462 3041 1536 3097 ab
1567 3037 1701 3116 ipsa
1725 3040 1976 3098 Natura.

312 3134 532 3191 Durius
562 3134 759 3209 paullo
790 3133 934 3190 illud
954 3130 986 3174 k
1013 3154 1025 3190 ε

463 3240 646 3297 Optima
666 3255 855 3298 quaeque
878 3240 970 3284 dies
992 3242 1162 3285 miseris
1183 3242 1444 3286 mortalibus
1466 3243 1549 3286 aevi

463 3312 611 3355 Prima
631 3312 771 3369 fugit:
807 3312 1001 3356 subeunt
1022 3313 1180 3365 morbi,
1201 3314 1427 3372 tristisque
1449 3322 1668 3366 senectus,

464 3383 522 3426 Et
542 3383 667 3434 labor
687 3390 729 3426 et
752 3383 874 3427 durae
896 3383 1008 3440 rapit
1029 3384 1307 3428 inclementia
1327 3386 1496 3429 mortis.

287 3487 303 3517 f
332 3489 442 3532 AEn.
473 3503 537 3532 10.
565 3490 663 3545 781.
851 3522 854 3526 ,
945 3497 969 3526 g
1000 3490 1111 3533 Ibid.
1136 3507 1176 3545 4.
1202 3490 1301 3549 691.
1575 3491 1592 3515 ¹¹
1630 3476 1784 3547 Geory.
1813 3507 1849 3535 1.
1877 3506 1975 3549 233.

230 3557 242 3587 i
274 3559 383 3602 Ibid.
407 3573 447 3615 3.
472 3573 572 3616 311.
752 3559 775 3589 k
807 3560 917 3602 Ibid.
942 3574 983 3617 3.
1008 3559 1079 3604 66.
