2288 4036
348 53 458 105 436
724 54 983 126 Hospitio,
1009 54 1254 119 societate,
1282 53 1491 107 civitate
1518 53 1734 125 danique
1838 73 2149 109 PRAE1,.xx11.

346 200 475 257 sine
505 206 714 258 sancto
745 219 814 258 ac
847 199 1046 258 sobrio
1077 199 1315 257 timore.
1406 198 1503 258 Ac
1535 200 1759 268 videte,
1792 219 1974 276 quam
2004 220 2145 278 pru-

346 297 560 355 denter
589 297 663 355 ad
695 297 810 355 iras
841 315 1047 354 earum
1080 295 1403 373 placandas
1433 296 1684 355 accedat
1717 296 2057 355 Minervan.

707 406 804 465 ἐμοὶ
824 405 1012 451 πιθέσθε
1032 405 1090 464 μὴ
1111 407 1402 464 βαρυστόνως
1422 406 1592 466 φέρειν’

709 481 761 526 οὗ
781 482 868 540 γὰρ
890 479 1125 537 νενίκησθ’,
1147 479 1250 525 ἀλλ’
1276 481 1514 541 ἰσόψηφος
1535 482 1631 539 δίκη

709 554 858 613 ἐξῆλθ’
881 553 1072 611 ἀληθῶς,
1094 554 1171 599 οὐκ
1193 553 1343 614 ἀτιμίᾳ
1365 555 1511 601 σεθεν.

344 659 531 729 Quasi
573 660 750 729 dicat,
784 659 881 717 vel
923 666 1172 736 propter
1214 659 1382 736 paria
1425 657 1708 737 susti-agia
1751 657 2010 735 intelligi
2044 657 2150 716 de-

341 759 501 826 bere,
555 778 736 835 quam
789 777 885 816 res
936 758 1121 815 fuerit
1174 757 1237 815 in
1291 757 1510 817 dubio:
1565 759 1725 834 quod
1774 758 1973 834 ipsum
2023 777 2146 814 non

341 855 727 933 negligentiae
762 855 866 913 sed
905 855 1150 914 honoris
1188 856 1691 934 significationem
1722 856 1926 915 habet.
2002 855 2149 914 Per-

341 952 432 1030 git
463 953 682 1010 deinde
712 952 977 1030 hospitio
1008 953 1335 1011 invitare0:

706 1070 793 1130 ἐγὼ
812 1070 901 1130 γὰρ
921 1070 1024 1128 ὑμῖν
1042 1069 1262 1117 πανδίκως
1281 1069 1546 1129 ὑπίσχομαι,

706 1144 836 1203 ἐδράς
855 1163 903 1190 τε
925 1144 995 1189 καὶ
1018 1144 1267 1203 κευθμῶνας
1289 1144 1460 1190 ἐνδίκου
1481 1144 1644 1204 χθονός

703 1218 1097 1277 λιπαροθρόνοισιν
1117 1218 1277 1277 ἡμένας
1297 1217 1363 1263 ἐπ’
1388 1218 1603 1278 ἐσχάραις

705 1291 834 1352 ἕξειν,
857 1291 935 1352 ὑφ’
959 1293 1111 1339 ἀστῶν
1129 1294 1236 1351 τῇδε
1256 1293 1634 1353 τιμαλφουμένας.

339 1390 497 1450 Haec
535 1410 569 1448 e
608 1392 908 1449 contraria
953 1397 1125 1468 parte
1166 1390 1535 1468 respondent
1580 1391 1670 1459 iis,
1704 1390 1926 1470 quibus
1969 1392 2147 1450 initio

337 1508 446 1548 sua
473 1509 728 1548 munera
758 1489 994 1548 Chorus
1025 1495 1410 1549 enarraverat
1429 1496 1482 1546 P:

703 1614 817 1673 ἄτιμ’
840 1615 990 1660 ἀτίετα
998 1649 1158 1659 ......

700 1689 817 1748 λάχη
841 1689 952 1734 θεῶν
973 1687 1307 1747 διχοστατοῦντ’
1331 1687 1495 1750 ἀνηλίῳ
1517 1688 1688 1746 λάμπᾳ,

700 1762 1070 1808 δυσοδοπαίπαλα
1092 1760 1396 1821 δερκομένοισι
1418 1761 1489 1805 καὶ
1511 1762 1812 1820 δυσομμάτοις
1832 1761 1964 1820 ὅμως.

338 1868 667 1938 Videlicet,
699 1889 838 1946 quae
869 1871 1033 1946 prius
1065 1870 1230 1927 omni
1261 1869 1509 1947 regione
1539 1868 1935 1947 vagabantur,
1967 1888 2151 1928 vena-

335 1968 604 2026 tionibus
646 1969 789 2027 diris
833 1969 1109 2037 intentae,
1139 1969 1213 2026 iis
1248 1968 1379 2045 jam
1425 1973 1654 2025 certam
1690 1967 1975 2026 Minerva
2017 1969 2150 2046 pol-

334 2067 555 2124 licetur
585 2067 855 2136 domum,
869 2067 1116 2144 jusque,
1135 2072 1207 2123 ut
1243 2066 1332 2124 ita
1363 2067 1580 2134 dicam,
1605 2067 1869 2125 civitatis
1892 2065 2144 2127 Atticae.

416 2163 672 2231 Iterum,
691 2164 885 2221 minas
908 2163 1330 2240 ingerentibus
1352 2163 1564 2221 eadem
1589 2163 1866 2233 formula,
1888 2166 1990 2242 qui
2014 2184 2150 2225 mos

336 2269 429 2321 est
460 2261 999 2332 stomachantibUS‚
1029 2261 1370 2338 praesertim
1401 2261 1821 2339 grandioribus
1850 2270 2015 2333 natu,
2041 2284 2149 2322 au-

335 2374 441 2439 get
485 2361 793 2438 promissa,
827 2359 1335 2419 desideratissimo
1377 2359 1625 2420 cumulo
1671 2362 1980 2422 societatis
2024 2383 2150 2422 suae

339 2467 402 2518 et
434 2467 792 2519 caeterorum
825 2458 1166 2518 Deorum‘lz

702 2568 831 2627 κοίμα
849 2567 1051 2614 κελαίνου
1073 2566 1263 2627 κύματος
1282 2570 1442 2628 πικρὸν
1461 2568 1608 2627 μένος,

701 2643 760 2690 ὧς
782 2644 1047 2701 σεμνότιμος
1067 2643 1138 2687 καὶ
1159 2641 1426 2702 ξυνοικήτωρ
1450 2642 1563 2700 ε’μοί·

700 2719 875 2775 πόλλης
897 2706 959 2762 δὲ.
966 2719 1116 2777 χώρας
1135 2717 1260 2776 τῆσδ’
1285 2717 1345 2763 ἐτ’
1368 2716 1609 2776 ἀκροθίνια,

701 2790 782 2848 θύη
803 2792 890 2850 πρὸ
911 2791 1079 2836 παίδων
1100 2792 1171 2836 καὶ
1190 2792 1411 2851 γαμηλίου
1432 2791 1609 2845 τέλους,

701 2864 854 2928 ἕχουσ’
878 2865 923 2912 ἐς
942 2863 1026 2910 α’ίει
1047 2865 1161 2911 τόνδ’
1185 2865 1432 2914 ἐπαινέσεις
1452 2867 1607 2926 λόγον.

267 3013 279 3026 .
341 2970 660 3030 Habemus
696 2977 760 3028 et
796 2969 896 3028 hic
935 2968 1307 3051 ἀντίστροφα
1349 2989 1561 3029 eorum
1597 2989 1731 3047 quae
1771 2971 1847 3028 de
1882 2989 1946 3029 se
1986 2972 2148 3029 ceci-

338 3076 553 3128 nerant
585 3068 781 3127 Furiae
800 3076 855 3127 ¹⁹:

701 3191 1005 3252 γιγνομέναισι
1025 3192 1143 3251 λάχη
1165 3190 1258 3237 τάδ’
1281 3190 1355 3250 ἐφ’
1377 3191 1482 3249 ἁμὶν
1503 3190 1702 3250 ἐκράνθη·

703 3264 926 3311 ἀθανάτων
947 3264 984 3310 δ’
1006 3265 1188 3324 ἀπέχειν
1208 3264 1359 3323 χέρας,
1382 3263 1483 3309 οὐδέ
1505 3284 1572 3311 τις
1593 3264 1693 3311 ἐστὶ

400 3411 419 3430 ³
440 3405 573 3449 Eum.
599 3415 703 3463 797·
886 3410 904 3428 0
925 3402 1040 3448 md.
1064 3403 1169 3461 807.
1354 3409 1378 3440 ι»
1407 3402 1517 3447 [bid.
1541 3402 1647 3460 388.
1847 3410 1871 3441 ει
1892 3402 2010 3448 Ibid.
2032 3402 2141 3462 835·

339 3485 359 3510 r
391 3477 505 3522 Ibid.
529 3477 637 3536 348.
