2288 4036
292 202 404 258 586
722 201 1043 273 Euripidem
1068 201 1237 272 inepte
1260 200 1574 255 ratiocinari
1594 225 1610 255 .·
1765 222 1925 257 PRAEL.
1951 223 2104 257 xxm.

379 352 477 412 Ao
509 353 771 430 primum
805 351 880 407 de
913 350 1130 427 frigido
1163 330 1408 426 quidem
1441 349 1546 408 illo
1578 358 1640 409 et
1671 351 2099 428 intempestivo

294 452 642 530 disputandi
675 469 898 528 genere
929 468 1049 506 non
1082 456 1175 506 est
1206 469 1314 507 our
1343 449 1538 508 multa
1562 450 1938 520 disseramUS,
1959 470 2098 509 oum

290 572 384 611 res
429 553 493 609 in
530 551 804 609 confesso
852 548 949 616 sit,
981 567 1180 624 neque
1226 548 1413 606 ullam
1455 549 1632 607 facile
1677 550 1941 626 proferas
1980 549 2103 607 Eu·
2140 565 2143 570 ’

290 652 503 729 ripidis
533 648 933 727 Tragoediam,
965 667 1096 724 quae
1139 667 1259 705 non
1289 647 1507 706 leviter
1536 668 1776 725 quoque
1804 649 2096 726 aspicien-

290 751 455 809 tibus
514 747 859 826 hujusmodi
920 766 1119 805 naevos
1181 767 1307 824 prae
1368 766 1431 806 se
1491 748 1682 807 ferat:
1753 767 1873 825 quo
1931 767 2100 805 more

292 848 522 907 Medea
561 845 926 925 gravissimis
957 844 1181 903 afflicta
1219 846 1468 923 injuriis,
1501 846 1630 924 ipso
1661 846 1958 906 luctuset
1987 846 2101 903 ira-

290 967 426 1005 rum
481 946 741 1013 turbine,
797 963 1074 1002 sermone
1128 945 1272 1002 satis
1321 946 1544 1003 diserto
1599 947 1868 1023 exponit,
1916 963 2098 1022 quam

290 1046 522 1104 lubrico
555 1045 676 1103 sint
724 1042 858 1101 loco
891 1043 993 1119 qui
1031 1043 1301 1119 pendent
1332 1063 1368 1102 a
1403 1043 1563 1122 vulgi
1597 1044 1851 1121 judicio,
1883 1043 2101 1103 deinde

290 1165 472 1224 quam
504 1145 713 1220 iniqua
745 1142 1095 1201 conditione
1126 1142 1363 1200 nubant
1395 1142 1679 1202 mulieres
1697 1152 1740 1201 a.

593 1267 821 1327 Κορινθίαι
842 1268 1056 1327 γυναῖκες,
1081 1265 1271 1325 ἐξῆλθον
1297 1266 1457 1324 δόμων,

596 1341 654 1402 μή
677 1342 754 1401 μοι’
773 1361 815 1387 τι
834 1340 1085 1401 μέμψησθ·
1120 1338 1219 1386 οἶδα
1238 1341 1325 1400 γὰρ
1346 1340 1546 1386 πολλοὺς
1565 1342 1741 1400 βροτῶν

600 1417 789 1475 σεμνοὺς
807 1421 1019 1476 γεγῶτας,
1044 1415 1144 1462 τοὺς
1165 1415 1245 1474 μὲν
1266 1415 1471 1473 ὀμμάτων
1492 1414 1594 1468 ἄπο,

597 1490 699 1538 τοὺς
722 1489 759 1535 δ’
785 1489 830 1534 ἐν
853 1489 1063 1549 θυραίοις,
1082 1491 1122 1534 οἱ
1146 1488 1182 1534 δ’
1207 1488 1286 1548 ἀφ’
1310 1487 1484 1548 ἡσύχου
1504 1489 1656 1542 ποδὸς,

599 1564 838 1610 δύσκλειαν
861 1562 1102 1621 ἐκτήσαντο
1124 1563 1194 1608 καὶ
1215 1561 1446 1622 ῥαθυμίαν.

596 1639 692 1697 δικὴ
715 1639 800 1698 γὰρ
826 1639 903 1683 οὐκ
926 1636 1065 1684 ἔνεστ’
1091 1637 1137 1683 ἐν
1158 1637 1411 1696 ὀφθαλμοῖς
1430 1638 1619 1694 βροτῶν.

294 1748 538 1808 Deinde
569 1753 706 1825 post
738 1744 960 1823 pau110,

593 1865 768 1911 πάντων
786 1863 843 1918 δ’,
867 1862 938 1909 ὅσ’
962 1861 1056 1909 ἐστ’
1080 1862 1283 1923 ἔμψυχα,
1306 1861 1376 1907 καὶ
1396 1861 1572 1921 γνώμην
1593 1860 1699 1919 ἔχει,

594 1941 795 1999 γυναῖκες
817 1938 953 1997 ἐσμὲν
974 1937 1248 1983 ἀθλιώτατον
1266 1935 1424 1996 φῦτον.

294 2046 505 2123 Atque
541 2046 603 2105 id
640 2051 1068 2124 argumentum
1113 2063 1235 2101 non
1280 2043 1486 2120 paucis
1532 2038 1945 2119 persequitur:
1993 2038 2096 2096 de-

293 2147 435 2204 inde
465 2145 633 2223 quasi
671 2145 746 2203 ad
786 2144 1136 2221 exemplum
1184 2162 1247 2200 se
1292 2161 1521 2218 suaque
1567 2139 1826 2216 subjicit.
1918 2137 2100 2207 Quid,

295 2265 429 2322 quae
458 2244 499 2303 J
501 2264 664 2312 ason,
690 2244 961 2321 ejusdem
995 2242 1186 2300 ferme
1218 2241 1390 2299 exitu
1420 2238 1687 2297 fabulae?
1733 2257 1935 2295 nonne
1965 2236 2102 2294 rhe-

296 2350 498 2401 torum
547 2345 741 2423 magis
790 2342 1093 2401 officinam
1142 2359 1324 2416 quam
1370 2338 1659 2397 affectum
1710 2337 1952 2414 sapiunt
2001 2354 2103 2412 pa-

296 2450 541 2501 ternum
552 2439 579 2479 b
597 2442 619 2502 ἲ

659 2538 693 2584 ὦ
714 2540 864 2597 μῖσος,
887 2537 921 2583 ὦ
942 2536 1157 2597 μέγιστον
1178 2533 1365 2594 ἐχθιστὴ
1386 2531 1529 2593 γύναι,

662 2613 757 2671 ἥτις
778 2611 972 2658 τέκνοισι
995 2613 1149 2657 σοῖσιν
1170 2610 1381 2666 ἐμβαλεῖν
1402 2608 1536 2666 ξίφος

660 2687 791 2744 ἔτλης
812 2689 1020 2739 τεκοῦσα,
1044 2683 1140 2742 κᾶμ’
1164 2681 1309 2728 ἄπαιδ’
1332 2681 1585 2727 ἇπωλέσας·

660 2762 732 2806 καὶ
753 2764 887 2806 ταῦτα
912 2757 1121 2819 δράσασ’,
1143 2757 1272 2815 ἡλιόν
1292 2774 1339 2800 τε
1359 2753 1666 2814 προσβλέπεις

663 2836 734 2880 καὶ
754 2838 900 2895 γαῖαν,
922 2835 1054 2894 ἔργον
1075 2834 1223 2877 τλᾶσα
1246 2829 1628 2885 δυσσεβεστάτην·

665 2907 791 2953 ὃ’λοι’·
827 2909 914 2968 ἐγὼ
936 2907 984 2952 δὲ
1006 2909 1082 2952 νῦν
1102 2910 1272 2965 φρονῶ,
1295 2902 1384 2950 τότ’
1409 2904 1461 2948 οὗ
1482 2904 1675 2962 φρονῶν,

660 2982 722 3028 ὅτ’
746 2984 792 3027 ἐκ
815 2984 960 3041 δόμων
983 3001 1037 3028 σε
1057 2981 1292 3038 βαρβάρου
1314 2977 1350 3023 τ’
1374 2978 1460 3023 ἀπὸ
1482 2977 1643 3036 χθονὸς

651 3055 835 3114 ’Ἕλλην’
860 3056 904 3103 ἐς
926 3053 1044 3100 οἷκον
1064 3052 1248 3114 ἠγόμην,
1273 3053 1403 3097 κακὸν
1423 3050 1551 3110 μέγα,

657 3134 826 3190 πατρός
846 3150 895 3175 τε
917 3131 987 3175 καὶ
1008 3132 1090 3189 γῆς
1108 3128 1335 3188 προδότιν,
1359 3126 1388 3184 ἧ
1408 3124 1451 3171 σ’
1475 3123 1716 3184 ἐθρέψατο.

297 3238 545 3308 Quanto
569 3236 807 3304 rectius,
829 3242 1178 3311 quantoque
1202 3232 1278 3290 ad
1307 3238 1585 3290 naturam
1615 3227 1877 3305 propius,
1904 3224 2102 3283 Shak-

295 3356 503 3416 sperus
543 3335 790 3402 Noster,
830 3333 999 3392 nullo
1038 3351 1237 3409 neque
1282 3330 1484 3390 sonitu
1530 3326 1870 3393 verborum,
1900 3341 2099 3400 neque

477 3560 502 3584 a
533 3551 692 3609 Eurip.
716 3549 838 3594 Med.
864 3547 967 3593 216.
1591 3540 1616 3573 b
1644 3539 1754 3585 [bid.
1781 3550 1914 3598 1520.

2275 2691 2288 2801 nmen
2274 2632 2288 2685 ae—‘A
2277 2571 2288 2619 ῥα·
2276 2514 2288 2539 .τ·’
2282 2503 2286 2506 ·
2283 2487 2288 2495 .
2280 2466 2288 2477 u
2274 2378 2288 2457 *..·:.·1.>.
2285 2366 2288 2370 .

2276 2848 2288 2857 ,,

2276 2909 2288 2954 ἐ

2282 2966 2288 2987 ὲ

2274 3118 2282 3162 T'·

2275 3207 2288 3226 (λ’

2269 3227 2288 3271 2⁸.

2269 3276 2288 3295 ζ’

2267 3295 2288 3381 1

2268 3382 2288 3429 i!
