2288 4036
158 250 318 287 ruffin.
340 250 486 284 xxw.
585 247 609 281 e
634 224 797 281 variis
824 228 963 280 ludis
990 227 1248 279 translata
1269 243 1531 295 ‘cosm-pare.
1804 226 1910 279 483

158 376 316 433 haud
373 372 670 430 immerito
731 369 1051 427 Pindarum
1111 376 1361 444 occupat
1419 370 1573 426 cirea
1635 375 1792 426 rotas
1849 376 1912 427 et

158 479 459 527 temonem
490 474 552 525 et
581 468 1041 524 instrumentum
1071 465 1376 541 gymnasii.-

241 565 571 625 Veniamus
600 563 673 620 ad
706 562 820 619 alia
849 562 1204 618 certamina:
1246 581 1497 636 quorum
1529 563 1646 619 duo
1676 581 1795 618 non
1825 562 1913 617 in-

159 662 332 718 docte
363 659 564 735 tetigit
596 645 862 732 Scriptor
889 672 1008 713 uno
1037 656 1139 713 illo
1170 657 1457 714 versiculo
1475 653 1524 724 h,

508 781 682 837 πλαγᾶν
705 779 864 836 δρόμον
885 778 1190 836 εὖθυπορῆσαιι

155 880 322 960 Apte
378 882 682 958 conjungit
744 883 896 938 ictus
954 878 1222 958 pugilum
1280 900 1416 938 cum
1476 900 1648 938 cursu
1706 892 1910 938 eorum

155 978 256 1053 qui
313 976 501 1033 stadio
554 981 818 1031 certant:
884 994 1019 1032 cum
1077 982 1326 1050 utraque
1377 993 1469 1031 res
1518 975 1580 1030 in
1630 993 1701 1031 eo
1751 992 1915 1049 mag-

155 1090 373 1149 nopere
412 1079 694 1137 versetur,
730 1077 798 1127 ut
841 1071 1050 1127 tendat
1093 1071 1303 1145 aliquis
1348 1072 1587 1138 directe,
1619 1090 1735 1145 quo
1776 1069 1912 1126 ferri

156 1170 320 1226 velit.
399 1166 604 1244 Pergit
634 1167 847 1224 deinde
878 1167 1117 1224 laudare
1147 1167 1411 1244 pugilem
1442 1168 1745 1233 victorem,

511 1295 644 1352 χερσὶ
665 1293 822 1349 δέξιον,
846 1290 929 1354 νόῳ
950 1294 1201 1338 ‹iv-rivalem

155 1399 338 1468 Quasi
362 1396 538 1465 dicat,
563 1397 760 1453 animo
784 1416 921 1453 eum
953 1415 1185 1472 semper
1207 1394 1411 1453 adesse
1431 1415 1445 1463 ;
1486 1394 1668 1453 etiam
1690 1391 1794 1452 ubi
1818 1414 1916 1453 ve·-

154 1494 596 1553 hementissime
625 1499 939 1569 pugnetur,
970 1492 1224 1568 plurima
1253 1493 1441 1550 ferme
1469 1494 1713 1550 consilio
1750 1494 1864 1569 agi.

239 1590 383 1649 Alio
428 1592 490 1647 in
534 1590 792 1673 carmine
841 1590 1038 1665 prodit
1086 1590 1246 1647 idem
1298 1589 1472 1647 luctae
1517 1610 1752 1666 quoque
1794 1607 1912 1647 non

155 1689 394 1764 ignarus
413 1680 446 1742 ἰ.

509 1788 601 1834 οἷον
621 1790 772 1835 αἰνέων
791 1809 835 1834 κε
858 1786 1102 1847 Μειλησῖαν
1124 1788 1243 1850 ἐρίδα
1265 1812 1362 1852 στρ
1371 1790 1509 1851 έφοι.

511 1861 678 1921 ῥήματα
699 1861 915 1913 πλέκων,
937 1862 1272 1911 ἀπάλαιστος
1299 1866 1344 1910 ἐν
1364 1868 1483 1924 λόγῳ
1505 1861 1664 1918 ἕλκει,

513 1932 654 1991 ἅγαθα
674 1933 753 1990 μὲν
772 1933 970 1991 φρονέων
991 1934 1154 1987 ἐσλοῖς,

511 2006 673 2062 τ”ράχος
693 2006 739 2048 δὲ
760 2007 1039 2064 παλιγκότοις
1065 2007 1304 2064 ἔφεδρος.

239 2116 439 2185 Quid?
481 2134 624 2190 quas
657 2111 767 2171 sibi
799 2110 1079 2173 formulas
1103 2118 1405 2194 excogitat
1426 2111 1729 2185 Pindarus9
1750 2137 1914 2175 more

156 2213 421 2270 omnium
465 2211 566 2286 qui
612 2212 872 2269 carmina
916 2212 1147 2288 fingunt
1194 2210 1475 2290 longiora,
1514 2233 1762 2288 quarum
1803 2234 1915 2290 ope

155 2309 250 2366 vel
294 2308 541 2365 incitare
585 2326 647 2364 se
677 2308 772 2364 vel
813 2308 1129 2365 incitatum
1170 2329 1444 2366 revocare
1488 2310 1675 2378 solet3
1719 2326 1915 2366 nonne

156 2424 254 2462 eas
298 2405 612 2479 saepissime
650 2404 903 2479 legimus
942 2403 1133 2460 efferri
1165 2407 1356 2462 verbis
1387 2425 1420 2462 e
1447 2425 1511 2462 re
1548 2407 1916 2482 gymnastica

155 2499 399 2576 petitis?
461 2497 550 2555 Ut
580 2498 654 2554 ad
686 2497 1015 2554 Hieronem
1046 2497 1406 2555 laudandum
1436 2500 1783 2576 aggrediens
1801 2497 1847 2568 k,

511 2604 646 2662 ἄνδρα
668 2603 703 2647 δ’
728 2601 812 2662 ἐγῶ
834 2604 983 2655 κεῖνον,
1005 2604 1165 2662 inquit,

508 2678 681 2732 αἰνῆσαιΙ
698 2682 901 2732 μενοινῶν
921 2679 1109 2734 ἔλπομαι

510 2749 567 2805 μὴ
587 2750 897 2807 χαλκοπάραον
918 2748 1060 2794 ἄκονθ’
1085 2750 1189 2793 ὤσει
1210 2748 1246 2793 τ’
1270 2748 1433 2808 ἅγωνος
1458 2751 1612 2801 βαλεῖν
1633 2749 1717 2805 ἔξω
1738 2752 1916 2807 παλαμᾷ

633 2820 803 2872 δονέων,

510 2893 651 2950 μακρὰ
673 2893 719 2936 δὲ
739 2892 894 2950 ῥίψαις
914 2890 1151 2950 &petiaco-‘O'
1172 2892 1352 2938 ἀντίους.

243 2992 482 3051 Petitur
523 2995 822 3052 interdum
853 3015 886 3052 e
915 2995 1249 3053 Discobolis
1293 2995 1628 3053 translatio:
1674 3013 1751 3052 ne
1793 2996 1917 3053 cui-

158 3109 338 3168 quam
368 3090 761 3147 certaminum
792 3092 1120 3168 denegetur
1148 3091 1260 3148 iste
1289 3091 1476 3148 honos
1494 3088 1527 3147 ¹.

510 3204 651 3261 μακρὰ
671 3202 901 3259 δισκήσαις
921 3201 1224 3261 ἀκοντίσσαιμι
1245 3203 1436 3257 τοσοῦθ’,
1459 3203 1568 3250 ὅσον
1587 3205 1723 3262 ὀργὰν

511 3276 791 3332 Ξεινοκράτης
810 3276 916 3333 ὑπὲρ
938 3274 1162 3332 ἄνθρωπον
1182 3279 1384 3334 γλυκεῖαν

511 3346 657 3404 ἔσχεν.

216 3483 236 3509 ¹¹
267 3485 417 3529 Isthm.
439 3482 497 3528 iv.
525 3484 593 3542 76.
890 3483 904 3516 1
935 3487 1058 3530 Nem.
1082 3502 1124 3541 4.
1152 3497 1249 3543 150.
1569 3487 1587 3512 ¹¹
1618 3488 1749 3544 Pyth.
1777 3501 1816 3531 1.
1838 3487 1911 3530 81,

199 3554 349 3599 Isthm.
373 3568 415 3600 2.
438 3566 512 3613 51.

970 3633 1111 3687 1i2
