2288 4036
330 90 439 140 414
586 87 864 142 Judioium
889 95 1116 140 nostrum
1143 84 1205 138 de
1232 85 1495 155 AEschfflv,
1524 84 1759 157 aliisque,
1814 103 1973 137 PRAEL.
1995 102 2129 138 xxn.

327 236 691 313 incipiebam
722 254 963 294 mecum
997 234 1280 311 cogitare,
1320 232 1676 291 occurrebat
1708 231 1920 290 statim
1958 231 2130 289 dubi-

327 336 482 393 tatio
528 355 649 392 non
701 334 867 399 levis,
910 352 1092 410 quam
1145 331 1343 399 hodie,
1386 351 1493 408 pro
1543 329 1696 388 virili
1750 349 1888 388 mea
1938 338 2130 406 parte,

328 433 546 492 tollere
576 433 907 511 aggrediar.

426 530 672 607 Nempe
724 530 902 588 bonae
957 530 1114 606 parti
1173 528 1492 587 hominum
1545 528 1845 607 frigescet,
1899 527 2130 605 opinor,

327 649 567 707 prorsus
610 648 682 688 ea
726 629 1069 698 sententia3
1123 647 1324 705 neque
1370 627 1547 686 facile
1588 647 1652 685 se
1692 627 1927 685 avocari
1975 626 2131 704 pati-

328 735 510 786 entur
538 748 574 786 a
605 729 926 786 verborum
957 727 1415 806 imaginumque
1446 726 1792 793 luminibUS‚
1825 733 1889 784 et
1919 726 1996 784 ab
2027 744 2133 784 ex-

327 835 499 884 terno
544 825 649 884 illo
695 825 1014 903 splendore
1060 831 1123 883 et
1167 832 1461 902 apparatu
1495 825 1772 893 PoeseOS,
1803 824 1880 883 ad
1915 844 2134 883 arcana

325 927 667 1003 animorum
728 917 1068 984 scrutanda.
1183 924 1439 1002 Ecquid,
1501 925 1796 1000 inquient,
1856 933 2131 986 nostrum

326 1025 596 1092 interest,
661 1043 780 1100 qua
839 1025 1094 1100 quisque
1152 1031 1361 1081 mente
1422 1032 1484 1081 et
1545 1022 1749 1081 indole
1810 1023 2130 1100 scripserit,

324 1124 508 1181 modo
540 1124 763 1201 scripta
807 1125 928 1182 sint
959 1124 1275 1201 ejusmodi,
1310 1142 1442 1200 quae
1485 1130 1757 1181 mentem
1803 1140 2132 1199 sensusque

325 1224 640 1282 hominum
675 1223 1005 1295 delectent,
1038 1223 1484 1300 moveantqueZ

411 1322 508 1380 Ac
552 1323 773 1382 mirum
804 1324 866 1381 ni
898 1324 1122 1382 abeant
1153 1322 1216 1380 in
1248 1342 1348 1381 eas
1379 1323 1569 1381 ferme
1600 1322 1880 1392 rationes,
1913 1321 2133 1403 quibus

324 1441 388 1480 se
437 1422 634 1481 solent
684 1423 861 1493 tueri,
899 1424 1002 1500 qui
1046 1421 1448 1501 Allegoriam,
1488 1441 1670 1499 quam
1720 1428 1955 1490 vocant,
2005 1441 2132 1498 prae

324 1523 556 1581 caeteris
605 1523 906 1582 scribendi
957 1523 1282 1601 generibus
1335 1521 1577 1581 fastidio
1625 1521 1874 1581 habent.
1965 1520 2132 1580 Nam

322 1620 428 1677 ubi
461 1620 648 1678 semel
694 1621 879 1679 animi
927 1620 1261 1699 legentium
1297 1603 1613 1698 coeperunt
1644 1622 1911 1699 cogitare
1950 1619 2133 1678 altius

322 1718 813 1796 aliquod—“ubi
860 1739 924 1778 se
976 1740 1013 1778 a
1057 1720 1240 1799 vulgo
1293 1739 1364 1779 ac
1418 1739 1599 1779 scena
1649 1722 1713 1778 in
1765 1727 1998 1779 secreta
2042 1739 2134 1778 re-

320 1819 828 1877 moru.nt”-—non
896 1819 1163 1879 multum
1225 1821 1508 1897 equidem
1570 1820 1794 1880 referre
1855 1821 2131 1889 arbitror,

321 1924 527 1975 utrum
560 1937 632 1976 ea
661 1937 755 1976 res
786 1917 912 1988 fiat,
943 1917 1231 1976 adhibitis
1263 1919 1626 1996 quibusdam
1658 1920 1827 1996 quasi
1863 1919 2132 1978 veritatis

323 2017 572 2086 umbriS,
606 2037 682 2075 an
734 2017 1023 2076 translato
1069 2019 1132 2075 in
1174 2038 1344 2077 veras
1389 2039 1673 2096 personas
1705 2019 1910 2078 Poetae
1946 2020 2132 2096 ipsius

321 2114 545 2173 affectu
591 2122 776 2192 atque
822 2115 1043 2174 indole.
1136 2116 1451 2176 Videlicet
1481 2137 1560 2176 ex
1591 2125 1848 2195 utraque
1878 2119 2129 2188 ratione,

321 2215 425 2291 qui
481 2214 669 2273 semel
724 2235 801 2273 ex
855 2216 1057 2273 animo
1112 2236 1175 2275 se
1224 2217 1460 2275 dederit
1514 2218 1841 2276 Poetarum
1898 2219 2129 2288 studiis,

322 2333 444 2370 non
493 2314 730 2372 vacabit
775 2316 955 2373 meris
1002 2315 1250 2386 deliciiS,
1283 2336 1360 2375 ne
1406 2317 1478 2375 iis
1522 2317 1787 2394 quidem,
1829 2337 1961 2394 quae
2002 2317 2133 2376 lon-

319 2413 566 2490 gissime
606 2414 850 2478 ,distare
910 2416 1232 2474 videantur
1289 2416 1366 2474 ab
1422 2416 1669 2493 Epicuri
1729 2417 2131 2495 turpitudine,

321 2513 718 2591 proximeque
749 2515 824 2572 ad
855 2515 1073 2573 intima
1104 2517 1359 2592 purioris
1390 2515 1789 2594 philosophiae
1820 2518 2127 2576 accedere.

409 2611 532 2671 Sed
594 2614 777 2683 enim,
827 2615 983 2673 sicut
1038 2616 1114 2673 de
1176 2616 1420 2682 virtute,
1467 2616 1555 2674 ita
1606 2616 1683 2674 de
1736 2636 1878 2675 vera
1933 2617 2128 2687 Poesi,

322 2710 490 2769 nullo
522 2731 642 2769 non
676 2719 952 2789 tempore
984 2714 1309 2772 dicendum
1341 2714 1456 2773 erit
1487 2714 1654 2784 illud,

934 2860 1097 2918 ἱδρῶτα
1119 2860 1212 2905 θεοὶ
1233 2860 1533 2920 προπάροιθεν
1553 2861 1712 2919 ἔθηκαν

684 2930 905 2977 ἀθάνατοι·
938 2934 1106 2991 μακρός
1126 2952 1175 2978 τε
1196 2934 1267 2977 καὶ
1289 2932 1438 2992 ὄρθιος
1459 2931 1583 2992 οἶμος
1604 2933 1670 2978 ἐπ’
1688 2933 1836 2991 αὐτήν.

322 3072 443 3142 Qui
486 3080 692 3130 autem
734 3072 918 3131 istum
967 3073 1237 3132 laborem
1269 3075 1527 3143 oderint,
1559 3081 1850 3151 poterunt
1880 3075 2126 3150 quidem

320 3172 408 3230 illi
464 3171 655 3230 oculis
708 3181 951 3249 captare
1005 3181 1256 3232 tenuem
1300 3176 1603 3251 quandam
1649 3174 1926 3231 umbram
1977 3174 2128 3233 Poe-

321 3291 469 3340 seos,
509 3273 613 3329 sed
659 3291 869 3330 vereor
910 3293 985 3331 an
1033 3293 1345 3351 nunquam
1387 3275 1589 3331 animo
1637 3273 1893 3331 formam
1934 3275 2125 3351 ipsam

321 3372 659 3447 faciemque
719 3372 848 3448 ejus
908 3373 1234 3450 attingant.
1349 3372 1569 3442 Quare,
1630 3372 1788 3429 sicut
1848 3372 1909 3428 in
1955 3372 2127 3448 justa

321 3470 648 3548 Allegoria‚
692 3469 992 3547 Spensero
1048 3491 1290 3547 quoque
1349 3472 1479 3547 ipso
1527 3470 1774 3537 artifice,
1825 3471 1947 3527 cit-o
2002 3470 2127 3528 lan-
