2288 4036
282 217 392 274 638
652 220 737 274 Dc
771 219 1025 273 Theocriti
1051 220 1109 273 in
1136 238 1214 272 res
1240 221 1461 275 rusticas
1487 222 1680 276 animo,
1748 241 1910 278 PRAEL.
1935 243 2085 278 xxxx.

286 368 581 446 ejusmodi
628 373 786 436 sunt,
818 373 889 425 ut
925 366 1104 426 facile
1140 369 1365 435 credaS,
1397 388 1596 427 coram
1643 370 1930 448 scriptore
1966 371 2091 430 tale

286 468 515 546 aliquid
546 486 612 525 re
642 485 711 525 ac
745 466 1000 525 veritate
1032 466 1320 526 accidisse
1340 464 1408 528 d?

466 605 631 660 βάλλει
652 624 736 658 τοι,
760 603 1028 664 Πολῦφαμε,
1051 605 1102 650 τὸ
1122 605 1325 663 ποίμνιον
1345 604 1373 648 ἁ
1395 607 1610 651 Γαλάτεια

466 678 693 738 μαλοίσιν,
716 677 947 736 δυσέρωτα
965 679 1043 723 τὸν
1063 675 1248 723 αἵπολον
1269 677 1407 738 ἄνδρα
1429 680 1641 730 καλεῦσα,

467 754 538 798 καὶ
558 752 610 798 τύ
632 771 698 798 νιν
719 753 771 797 οὐ
791 752 1068 811 ποθόρησθα,
1092 753 1246 806 ταλάν,
1268 753 1422 805 τάλαν,
1444 753 1563 798 ἀλλὰ
1585 753 1772 812 κάθησαι

466 826 575 872 ἅδεα
597 827 840 885 συρίσδων·
873 828 1009 872 πάλιν
1029 826 1113 879 ἅδ’,
1135 824 1218 880 ἵδε,
1241 846 1320 872 ταν
1341 825 1445 872 κύνα
1464 827 1644 881 βάλλει,

465 899 494 946 ὅ
515 920 584 946 τοι
605 905 693 946 τῶν
712 899 815 946 ὀΐων
836 900 985 946 ἕπεται
1006 914 1189 947 σκοπος·
1223 899 1251 945 ἁ
1273 900 1321 945 δὲ
1342 899 1536 954 βαΰσδει

468 975 531 1022 εἷς
551 975 639 1020 ἅλα
661 974 912 1034 δερκομένα·
948 975 1003 1020 τὰ
1024 974 1076 1020 δέ
1095 993 1160 1020 νιν
1181 974 1295 1019 καλὰ
1317 973 1484 1033 κύματα
1504 975 1653 1034 φαίνει

466 1050 619 1109 ἅσυχα
639 1049 975 1109 καχλάσδοντος
996 1048 1062 1094 ἐπ’
1083 1049 1304 1110 αἰγιαλοῖο
1326 1048 1522 1095 θέοισαν·

465 1125 638 1184 φράζεο
659 1123 718 1182 μὴ
740 1126 817 1172 τᾶς
836 1124 994 1171 παιδὸς
1016 1122 1087 1169 ἐπὶ
1109 1122 1340 1182 κνάμαισιν
1360 1122 1527 1182 ὀρούσῃ

465 1199 519 1256 ἐξ
540 1199 650 1247 ἁλὸς
671 1198 927 1258 ἐρχομένας,
949 1198 1058 1243 κατὰ
1079 1197 1128 1242 δὲ
1146 1199 1263 1257 χρόα
1284 1197 1420 1242 καλὸν
1439 1194 1598 1255 ἆμῦξῃ.

465 1272 495 1317 ἆ
517 1272 566 1318 δὲ
588 1273 659 1318 καὶ
680 1272 839 1318 αὐτόθε
859 1291 928 1317 τοι
950 1270 1275 1331 διαθρῦπτεται,
1298 1271 1357 1317 ὧς
1377 1269 1450 1316 ἀπ’
1472 1269 1658 1318 ἀκάνθας

466 1348 540 1393 ταὶ
562 1347 751 1406 καπυραὶ
772 1349 938 1407 χαῖται,
960 1347 1011 1391 τὸ
1034 1347 1171 1391 καλὸν
1193 1345 1322 1404 θέρος
1340 1345 1466 1390 ἅνικα
1487 1343 1665 1405 φρῦγει·

468 1422 538 1467 καὶ
559 1421 718 1483 φεύγει
734 1422 973 1482 »φιλεόντα,
995 1421 1066 1466 καὶ
1087 1421 1139 1466 οὗ
1160 1422 1377 1482 φιλεόντα
1398 1420 1558 1466 διώκει.

289 1540 652 1601 Levioulum
690 1540 966 1618 profecto
1005 1558 1198 1618 genus
1237 1539 1360 1601 hoe
1391 1559 1590 1608 omne,
1621 1539 1849 1599 fateor:
1895 1541 2094 1601 istius-

285 1643 454 1702 modi
484 1649 694 1701 tamen
724 1650 884 1711 sunt,
918 1660 1050 1719 quae
1081 1640 1270 1699 semel
1301 1641 1429 1699 visa
1458 1640 1721 1699 libenter
1762 1641 1826 1698 in
1864 1660 2095 1700 memo-

287 1742 376 1802 ria
401 1743 567 1821 figat,
588 1742 857 1819 quisquis
888 1760 966 1800 ex
995 1739 1183 1799 animi
1215 1741 1519 1799 sententia
1548 1741 1628 1799 sit
1658 1741 1810 1799 ruris
1841 1747 1905 1800 et
1933 1740 2095 1800 loco-

287 1861 424 1901 rum
454 1849 708 1901 amator.

376 1939 494 1999 His
541 1961 664 1999 non
710 1940 928 2018 injuria
971 1942 1198 2018 poterit
1239 1941 1372 2018 quis
1419 1941 1642 1999 addere
1687 1939 2093 1999 dulcissimam

287 2041 365 2100 de
398 2040 679 2100 haedulco
720 2040 1056 2110 historiam,
1088 2060 1166 2099 ex
1198 2040 1427 2098 domini
1472 2040 1564 2099 sui
1607 2040 1837 2099 insidiis
1876 2041 2096 2099 miran-

288 2141 435 2199 dum
466 2140 531 2198 in
559 2140 811 2198 modum
850 2147 1088 2199 servato
1110 2148 1149 2198 e.

468 2278 574 2338 ᾄσεῖ
594 2277 631 2324 δ’
655 2279 713 2325 ὥς
732 2277 830 2324 ποκ’
854 2277 1003 2324 ε’δέκτο
1023 2280 1100 2323 τὸν
1121 2277 1308 2323 αἵπολον
1329 2276 1456 2337 εὑρὲα
1475 2276 1645 2336 λάρναξ

472 2355 582 2410 ζωὸν
601 2353 743 2407 ἕοντα,
766 2355 950 2411 κακῆσιν
969 2352 1296 2410 ἀτασθαλιῆσιν
1317 2351 1512 2398 ἄνακτος·

470 2429 529 2476 ὥς
549 2427 600 2474 τέ
619 2447 685 2473 νιν
704 2428 749 2472 αἱ
770 2427 898 2485 σι’μαι
918 2426 1160 2486 λειμώνοθε
1181 2425 1356 2486 φέρβον
1377 2425 1514 2471 ἷοῖσαι

472 2502 627 2563 κέδρον
649 2503 693 2550 ἐς
713 2502 861 2549 ἁδεῖαν
881 2504 1096 2561 μαλακοῖς
1116 2500 1306 2547 ἅνθεσσι
1325 2499 1559 2560 μέλισσαι,

470 2577 624 2624 οὕνεκά
644 2579 685 2622 οἱ
705 2577 847 2637 γλυκὺ
868 2580 1022 2624 Μοῖσα
1043 2577 1152 2622 κατὰ
1173 2577 1398 2631 στόματος
1418 2573 1495 2634 χὲε
1518 2574 1686 2633 νέκταρ·

470 2652 505 2697 ὣ
525 2650 768 2712 μακάρια-τε
791 2651 988 2710 Κοματὰ,
1011 2650 1064 2696 τὺ
1086 2650 1165 2708 θὴν
1185 2648 1288 2694 τάδε
1309 2649 1475 2709 τερπνὰ
1494 2648 1727 2706 πεπόνθης,

472 2725 542 2772 καὶ
562 2726 614 2772 τὺ
635 2724 939 2783 κατεκλάσθης
961 2725 1005 2772 ἐς
1025 2724 1235 2785 λάρνακα,
1260 2725 1329 2768 καὶ
1351 2725 1418 2777 τὺ,
1440 2725 1666 2782 μελισσᾶν

471 2799 598 2859 κήρια
618 2801 912 2859 φερβόμενος,
935 2799 1032 2846 ἔτος
1051 2799 1182 2857 ὥριον
1203 2798 1490 2857 ἐξεπόνασας.

469 2868 555 2916 αἵθ’
579 2868 645 2915 ἐπ’
669 2870 772 2928 ἐμεῦ
795 2871 919 2926 ζωοῖς
940 2869 1188 2929 ἐναρίθμιος
1208 2868 1383 2928 ὤφελες
1403 2866 1525 2926 ἦμεν,

470 2946 529 2992 ὣς
549 2963 617 2990 τοι
639 2944 752 3004 ἐγὼν
772 2945 980 3003 ε’νόμευον
999 2942 1063 2990 ἀν’
1087 2943 1201 3003 ὤρεα
1221 2943 1299 2990 τὰς
1320 2944 1457 2990 καλας
1478 2939 1618 3003 αἶγας,

471 3019 624 3077 φωνᾶς
645 3017 836 3065 εἰσαΐων·
873 3018 924 3064 τὺ
946 3017 983 3063 δ’
1007 3018 1092 3063 ὑπὸ
1114 3018 1273 3078 δρυσὶν
1293 3015 1318 3074 ἢ
1341 3017 1426 3062 ὑπὸ
1447 3015 1625 3063 πεύκαις

469 3092 553 3138 ἁδὺ
572 3092 893 3152 μελισδομένος
914 3091 1222 3145 κατακέκλισο,
1245 3091 1335 3137 θεῖε
1357 3089 1549 3151 Κομάτα.

291 3210 575 3269 Profecto
607 3209 705 3268 vel
746 3211 875 3288 ipse
904 3229 1297 3269 numerorum
1327 3229 1535 3269 cursus
1578 3229 1649 3268 ac
1694 3216 1869 3268 tenor
1907 3207 2090 3267 habet

288 3309 517 3387 aliquid
554 3328 842 3369 canorum
886 3329 956 3368 ac
1000 3309 1321 3388 profluens,
1354 3309 1515 3387 quod
1561 3308 1750 3367 libere
1795 3307 1916 3366 suis
1961 3326 2090 3385 spa-

289 3408 548 3468 tiantem
579 3410 808 3486 eampis
839 3410 1071 3468 deceat.
1143 3408 1241 3468 Ac
1271 3409 1473 3467 nescio
1504 3428 1581 3467 an
1611 3427 1791 3467 nemo
1822 3425 2086 3484 unquam

403 3639 436 3671 Δ
456 3639 648 3685 Theoer.
672 3638 803 3697 Idyll.
832 3638 874 3684 6.
900 3639 942 3684 6.
1642 3646 1665 3671 e
1687 3638 1802 3683 Ibid.
1828 3649 1869 3698 7.
1895 3639 1966 3698 78·
