2288 4036
312 176 421 231 486
671 180 746 232 M
741 179 885 231 onita
914 177 1239 243 Pindarica‚
1267 185 1377 230 tum
1403 178 1725 245 owndidatiS,
1789 198 1950 235 PRAEL.
1970 199 2122 232 xx1v.

676 321 744 367 τίν
763 320 804 380 γ’
827 320 968 365 ἄωτον
990 319 1218 378 δεξαμένοι
1240 321 1489 381 στεφάνων·

677 397 752 439 νῦν
773 393 893 440 αὖτις
912 392 1098 450 Ἰσθμοῦ
1121 393 1319 451 δεσπότᾳ

679 474 718 511 N
721 463 951 526 ηρεΐδεσσι
972 485 1021 511 τε
1041 465 1309 523 πεντήκοντα
1329 467 1497 513 παίδων
1517 467 1767 513 ὁπλοτάτου

676 540 902 585 Φυλακίδα
922 544 1137 586 νικῶντος·
1169 538 1233 597 ε’ίη
1257 540 1305 585 δὲ
1327 540 1476 600 τρίτον

678 616 846 673 σωτῆρι
866 612 1171 672 πορσύνοντας
1189 611 1421 675 Ὀλυμπίῳ
1442 612 1623 674 Αἴγιναν
1645 614 1754 662 κάτα

678 686 886 733 σπένδειν
905 686 1231 746 μελιφθόγγοις
1252 686 1434 735 ἀοιδαῖς.

402 804 544 863 Jam
589 805 740 863 illud
785 805 1186 865 animadverti
1226 811 1448 882 potest,
1479 805 1571 862 uti
1603 824 1745 862 eum
1787 804 1850 862 in
1894 805 2009 864 hac
2056 826 2123 865 re

314 924 434 961 non
485 904 672 962 semel
726 905 1083 983 ambagibus
1132 911 1197 963 et
1254 912 1421 963 tecto
1467 924 1784 974 sermone3
1840 906 1942 981 qui
1992 926 2125 964 mos

313 1005 440 1063 fere
493 1011 586 1063 est
638 1006 997 1074 amantium,
1049 1011 1112 1063 et
1166 1023 1378 1066 eorum
1432 1004 1724 1073 omnium,
1775 1006 1877 1082 qui
1929 1005 2126 1082 majus

313 1104 559 1181 aliquod
618 1105 1013 1174 meditantur,
1069 1124 1253 1181 quam
1305 1105 1467 1181 quod
1526 1105 1750 1181 apertis
1804 1105 2002 1163 verbis
2061 1106 2127 1164 in

312 1204 530 1283 vulgus
587 1204 908 1266 hominum
967 1202 1179 1262 efferre
1239 1203 1523 1262 audeant.
1612 1203 1858 1262 Tulitne
1911 1204 2126 1281 aliquis

312 1303 536 1380 primas
581 1304 741 1382 apud
786 1302 1135 1371 Nemeam?
1183 1302 1550 1368 vaticinatur
1588 1302 1664 1360 de
1709 1321 1782 1361 eo
1828 1302 2128 1361 Pindarus

312 1400 428 1460 hoe
462 1409 672 1467 tenore
692 1410 731 1467 ³,

677 1542 852 1601 ὀφείλει
874 1540 912 1586 δ’
935 1541 1015 1595 ἔτι,
1037 1540 1227 1600 πατρίαν
1247 1539 1370 1601 εἴπερ
1394 1539 1488 1586 καθ’
1511 1539 1617 1587 ὅδον
1637 1560 1704 1587 νιν
1723 1539 2006 1598 εὖθύπομπος

678 1614 785 1661 α’ίων
804 1617 900 1662 ταῖς
919 1616 1133 1676 μεγάλαις
1154 1615 1289 1659 ἔδωκε
1310 1616 1481 1673 κόσμον
1497 1614 1717 1668 Ἀθάναις,

678 1690 795 1748 θάμα
816 1689 897 1748 μὲν
915 1688 1182 1747 Ἰσθμιάδων
1204 1687 1448 1748 δρεπέσθαι
1471 1689 1716 1735 κάλλιστον
1736 1687 1892 1742 ἄωτον,
1915 1687 1963 1734 έν
1983 1694 2076 1733 Πυ-

742 1763 885 1816 θίοισί
904 1782 953 1807 τε
975 1765 1097 1822 νικᾷν

679 1839 897 1896 Τιμονόου
917 1836 1052 1883 παῖδ’·
1089 1837 1189 1883 ἔστι
1213 1835 1250 1882 δ’
1275 1836 1416 1890 ἐοικὸς

678 1912 855 1973 Ὀρειᾶν
875 1933 927 1973 γε
949 1913 1205 1957 Πελειάδων

679 1987 738 2045 μὴ
760 1987 949 2045 τηλόθεν
967 1986 1187 2045 Ὠαρίωνα
1208 1986 1397 2032 νεῖσθαι.

318 2093 564 2153 Videtis
594 2113 736 2152 eum
766 2093 1058 2172 religione
1087 2093 1349 2170 quadam
1385 2093 1625 2150 reticeri
1657 2111 1882 2151 nomen
1914 2090 2130 2171 Olym-

316 2191 450 2268 piae,
473 2209 538 2248 re
570 2192 712 2249 satis
742 2198 1075 2269 perspecta.
1149 2190 1251 2249 Ne
1283 2190 1386 2250 illa
1411 2192 1660 2268 quidem
1691 2192 2128 2269 praetereunda,

316 2291 669 2369 gravissima
708 2310 871 2360 sane,
901 2310 1100 2367 neque
1145 2291 1397 2370 indigna
1429 2311 1562 2369 quae
1607 2291 2010 2355 adhibeantur
2053 2293 2130 2351 ad

308 2390 541 2471 justam
573 2390 782 2448 orandi
814 2388 1137 2448 formulam
1157 2393 1195 2453 t,

499 2521 715 2580 ἐκράτησε
736 2521 784 2566 δὲ
808 2522 878 2565 καὶ
899 2520 999 2566 ποθ’
1015 2519 1220 2566 ’Ἕλλανα
1242 2522 1437 2581 στρατὸν
1459 2522 1653 2577 Πυθῶνι,
1676 2525 1789 2583 τυχᾷ
1811 2542 1860 2568 τε
1879 2524 2032 2582 μόλων

502 2596 573 2641 καὶ
594 2597 672 2641 τὸν
689 2594 866 2652 Ἰσθμοῖ
886 2596 957 2641 καὶ
979 2595 1128 2655 Νεμέᾳ
1152 2596 1392 2655 στέφανον,
1416 2600 1640 2644 Μοισαῖσι
1661 2597 1698 2643 τ’
1722 2597 1845 2643 ἔδωκ’
1868 2598 2048 2658 ἅροσαι,

501 2672 596 2731 τρὶς
615 2671 696 2729 μὲν
717 2671 764 2721 ἐν
782 2673 963 2717 πόντοιο
984 2674 1175 2718 πυλαῖσι
1194 2673 1363 2731 λαχὼν,
2036 2665 2039 2671 “

502 2746 596 2804 τρὶς
618 2746 665 2790 δὲ
687 2746 757 2790 καὶ
780 2748 958 2804 σεμνοῖς
979 2746 1198 2800 δαπέδοις,
1221 2746 1268 2791 ἐν
1286 2745 1561 2809 Ἀδραστείῳ
1587 2749 1721 2807 νόμῳ·

503 2823 586 2864 Ζεῦ
606 2819 759 2878 πατὲρ,
777 2825 864 2865 τῶν
883 2820 970 2878 μὰν
991 2819 1139 2880 ε’ράται
1160 2820 1292 2880 φρενὶ
1314 2824 1422 2881 σιγᾷ
1445 2822 1487 2866 οἱ
1509 2823 1668 2880 στόμα·
1695 2824 1784 2867 πᾶν
1805 2822 1853 2868 δὲ
1874 2822 2004 2869 τέλος

505 2894 551 2939 ἐν
571 2894 639 2939 τὶν
660 2895 816 2954 ἔργων·
850 2893 941 2939 οὐδ’
963 2894 1147 2956 ἀμόχθῳ
1169 2895 1324 2954 καρδίᾳ
1355 2896 1632 2957 προσφέρων
1660 2899 1830 2956 τόλμαν
1856 2899 2131 2958 παραιτεῖται

563 2969 708 3027 χάριν·
1919 2959 1922 2961 ⁵

502 3046 648 3102 γνῶτα
671 3041 829 3102 Θειαίῳ
851 3061 898 3087 τε
921 3042 991 3090 καὶ
1012 3041 1139 3093 ὅστις
1159 3043 1399 3101 ἁμιλλᾶται
1419 3044 1522 3103 περὶ

505 3116 710 3175 ἐσχάτων
729 3116 901 3162 ἀέθλων
920 3118 1150 3182 κορυφαῖς·
1183 3116 1351 3169 ὕπατον
1372 3117 1409 3164 δ’
1432 3119 1569 3182 ἔσχεν
1589 3118 1715 3168 Πίσα

501 3189 749 3249 Ἡρακλέος
768 3191 944 3250 τεθμόν,

410 3323 646 3395 Altera,
686 3331 759 3382 ut
801 3325 1083 3395 diximuS‚
1120 3345 1300 3385 eausa
1344 3333 1475 3385 erat
1519 3345 1745 3395 eorum,
1779 3326 1882 3403 qui
1924 3327 2128 3386 satiari

323 3445 445 3483 non
489 3431 773 3502 poterant
816 3445 894 3486 ne
933 3423 1256 3503 Olympiea
1295 3426 1541 3502 quidem
1588 3424 1823 3503 palma:
1871 3446 2128 3503 quorum

568 3619 582 3641 ⁸
615 3613 741 3657 Nem.
766 3626 806 3657 2.
832 3628 874 3671 9.
1518 3614 1535 3644 t
1566 3613 1682 3659 Ibid.
1715 3627 1784 3659 10.
1809 3613 1883 3669 46.
