2288 4036
279 269 433 304 PRAEL.
459 268 646 301 xxx1X.
698 251 885 319 scfpius
909 257 1072 301 autem
1098 249 1335 300 universa
1363 248 1578 300 locorum
1603 249 1777 317 specie.
1927 251 2027 306 791

277 412 446 469 agros
502 412 620 450 non
664 393 911 470 dubiam
971 392 1416 449 similitudinem
1476 393 1684 468 agitati
1741 393 1992 467 aequoris
2018 412 2029 448 :

282 490 438 564 quali
472 490 665 564 specie
694 489 934 564 puerilis
965 495 1110 546 aetas
1142 487 1233 544 vel
1264 489 1556 563 praecipue
1587 489 1715 564 capi
1745 488 1912 545 solet.

370 586 672 642 Proferam
703 592 765 642 et
795 585 924 653 alia,
957 605 1084 661 quae
1115 584 1297 641 semel
1329 586 1449 642 visa
1481 586 1828 643 crediderim
1858 585 2034 642 altius

286 682 565 738 insedisse
595 682 655 738 in
685 683 880 739 animo
911 683 1070 757 ejus:
1115 679 1254 738 bibit
1284 681 1560 738 videlicet
1598 682 1804 758 ingens
1834 701 2034 739 arcus:

277 777 527 855 pendent
565 779 803 854 capellae
847 778 1050 854 procul
1082 779 1326 837 dumosa
1357 779 1429 834 de
1460 798 1635 853 rupe:
1683 777 1862 836 libant
1895 798 2033 854 apes

286 872 530 932 flumina
558 892 824 942 summa;

819 967 968 1012 Saltus
989 967 1127 1011 reficit
1141 968 1235 1025 jam
1255 967 1431 1011 roscida
1452 967 1594 1012 Luna.

369 1055 577 1132 Atque
612 1057 822 1114 horum
854 1058 1092 1132 quidem
1124 1057 1210 1113 vis
1239 1058 1511 1114 universa
1538 1058 1777 1132 ponitur
1818 1060 1880 1114 in
1919 1078 2038 1114 uno

286 1153 590 1230 alteroque
637 1155 851 1222 verb03
903 1162 1039 1211 sunt
1092 1155 1272 1210 etiam
1324 1173 1439 1210 non
1493 1173 1695 1228 pauca,
1741 1174 1869 1229 quae
1919 1174 2038 1211 non

286 1257 411 1307 tam
442 1251 684 1327 singulis
706 1251 898 1308 verbis
923 1250 1241 1319 delectant,
1262 1270 1436 1326 quam
1470 1252 1762 1326 exquisito
1792 1270 2038 1326 raroque

287 1366 574 1404 concursu
632 1347 1017 1422 plurimarum
1075 1366 1288 1414 rerum,
1343 1348 1552 1404 eodem
1605 1348 2039 1423 quodammodo

287 1445 700 1519 spectantium.
790 1443 879 1500 Ut
915 1444 1040 1519 ipsa
1076 1444 1422 1501 omittamus
1452 1445 1726 1511 carmina,
1757 1446 2042 1502 memine-

288 1542 407 1600 rint
449 1542 627 1597 modo
660 1540 838 1598 velim
883 1540 1150 1598 homines
1186 1540 1280 1597 vel
1317 1560 1495 1616 apum
1539 1542 1823 1609 stationis,
1855 1543 2041 1617 qualis

288 1638 639 1694 describitur
681 1638 850 1696 initio
881 1638 1073 1712 quarti
1116 1636 1569 1713 Georgicorum:
1618 1637 1712 1694 vel
1752 1639 2041 1696 umbrosae

289 1734 473 1801 vallis,
505 1754 620 1809 qua
664 1734 876 1794 deduci
909 1734 1105 1808 jubet,
1135 1733 1378 1791 aestibus
1422 1734 1646 1802 mediis,
1677 1742 1946 1792 armenta
1981 1743 2042 1792 et

286 1850 527 1908 greges:
576 1830 669 1888 vel
699 1837 903 1906 portus
933 1830 1091 1889 illius
1134 1831 1195 1886 in
1238 1831 1427 1906 prima
1455 1830 1722 1898 AEneide,
1753 1834 2040 1908 antrique,

291 1927 706 2003 Nympharum
738 1927 963 1992 domUS‚
997 1946 1133 1983 cum
1170 1927 1423 2003 scopulis
1463 1928 1581 1984 suis
1624 1929 2038 2003 pendentibus„

291 2023 444 2082 Haec
487 2031 549 2081 et
589 2023 890 2098 complura
925 2024 1211 2098 ejusmodi
1257 2024 1342 2080 ita
1385 2032 1722 2100 comparata
1758 2045 1883 2083 esse
1914 2027 2044 2083 dix-

290 2121 452 2186 erim,
476 2127 544 2176 ut
573 2121 634 2176 in
665 2119 907 2195 singulis
936 2119 1224 2193 placuerit
1255 2120 1365 2177 sibi
1391 2118 1655 2195 Scriptor
1683 2122 1877 2196 specie
1901 2142 2043 2197 qua.-

288 2217 425 2275 dam
455 2215 756 2273 familiaris
787 2215 1022 2290 carique
1052 2214 1182 2271 loci.

372 2312 511 2370 Jam
553 2319 753 2370 autem
793 2312 867 2368 ad
912 2311 1157 2368 alteram
1202 2331 1583 2387 properemus
1616 2312 1929 2373 Socraticae
1959 2316 2043 2374 fa.-

290 2409 466 2466 miliae
496 2416 718 2475 notam,
750 2426 998 2484 eamque
1029 2409 1431 2465 certissimam.
1521 2409 1682 2466 Nam
1713 2430 1849 2467 cum
1885 2414 2042 2488 apud

293 2504 637 2561 Lucretium
675 2503 777 2559 vix
821 2503 1003 2559 semel
1047 2511 1226 2578 atque
1269 2505 1498 2561 iterum
1529 2506 1633 2562 fiat
1675 2509 1900 2565 mentio
1932 2508 2045 2566 Pa-

290 2601 396 2665 nis,
423 2598 856 2675 Nympharum,
876 2598 1142 2666 Veneris9
1158 2598 1480 2676 Virgilium
1511 2602 1671 2660 scitis
1702 2606 1860 2661 omni
1893 2611 2044 2662 tem-

290 2714 432 2770 pore
483 2701 545 2750 et
603 2693 733 2750 loco
785 2712 921 2752 cum
979 2712 1179 2752 amore
1230 2700 1291 2751 et
1341 2696 1537 2754 studio
1588 2698 1649 2755 in
1707 2718 1777 2760 ea
1827 2701 2043 2758 versari

290 2790 568 2850 materie:
614 2789 715 2864 qui
744 2789 1139 2865 peregrinanti
1170 2791 1426 2864 primum
1449 2791 1650 2850 AEneae
1680 2802 1836 2868 terra
1870 2799 2044 2854 mari-

292 2907 407 2962 que
445 2888 526 2944 sic
571 2887 819 2944 comites
862 2885 1089 2943 addidit
1132 2886 1312 2954 DeOS,
1351 2895 1420 2944 ut
1463 2907 1764 2964 nunquam
1807 2895 2044 2968 penitus

291 2985 494 3041 abesse
517 3002 616 3041 eos
646 2982 1022 3059 intelligereS‚
1049 2982 1226 3038 modo
1255 3002 1360 3058 pro
1390 3004 1586 3041 rerum
1615 3006 1683 3044 ac
1707 2994 2043 3064 temporum

292 3080 519 3138 ratione
563 3098 720 3135 nunc
765 3078 955 3135 celare
1000 3097 1078 3144 se,
1118 3098 1275 3136 nunc
1320 3099 1516 3138 coram
1567 3084 1628 3140 in
1671 3086 1871 3143 oculos
1914 3106 2046 3163 pro-

293 3176 433 3233 dire.
523 3174 753 3250 Ecquid
784 3173 943 3231 aliud
974 3181 1183 3231 sonant
1211 3175 1313 3232 illa
1330 3184 1367 3243 r,

703 3267 921 3311 Avertens
942 3282 1068 3311 rosea
1089 3268 1256 3312 cervice
1276 3269 1448 3314 refulsit
1452 3304 1626 3317 .......

527 3339 587 3384 Et
607 3354 710 3383 vera
729 3340 907 3383 incessu
926 3339 1071 3396 patuit
1093 3340 1218 3384 Dea?

296 3422 528 3483 Deinde
558 3429 690 3497 post
720 3421 935 3497 paullo,

887 3521 1093 3565 Obscuro
1115 3521 1363 3579 gradientes
1385 3528 1653 3588 aerebsepsit,

532 3592 590 3635 Et
611 3594 751 3636 multo
773 3593 947 3637 nebulae
970 3594 1135 3637 circum
1158 3594 1255 3637 Dea
1274 3595 1390 3639 fudit
1411 3597 1590 3646 amictu,

1000 3700 1017 3722 r
1040 3694 1150 3735 AEn.
1178 3707 1214 3736 1.
1240 3707 1340 3746 402,
