2288 4036
211 293 536 327 Pasanxxxv.
579 274 795 342 Infinita
821 273 1160 342 contemplari,
1187 273 1359 342 reliyio
1383 274 1654 348 quaedam4
1857 277 1960 328 705

295 416 572 473 Mirabile
602 416 887 491 profectO,
919 435 1094 490 quam
1131 422 1341 472 sonent
1384 414 1721 490 religiosum
1768 416 1958 488 pium-

208 531 323 586 que
369 513 581 586 saepius
614 512 875 567 Lucretii
906 512 1086 568 nostri
1132 511 1408 576 carmina,
1439 517 1567 566 tum
1613 529 1750 566 cum
1793 528 1958 565 max-

206 607 323 662 ime
354 607 599 681 scriptor
640 608 700 662 in
744 607 1003 663 amentia
1047 607 1310 682 magistri
1341 608 1429 664 sui
1461 606 1675 662 versari
1707 606 1956 661 videtur.

207 701 481 777 Exempli
511 703 715 777 gratia,
749 702 1072 777 Epicurum
1103 702 1346 758 laudans
1376 703 1459 759 ait
1471 709 1514 768 (1,

558 819 703 863 Simul
723 834 772 863 ac
794 820 904 863 ratio
925 827 1003 863 tua
1023 819 1156 876 coepit
1176 819 1405 863 vociferari

438 891 658 935 Naturam
679 906 828 934 rerum
848 890 970 934 haud
992 891 1142 934 divina
1161 898 1311 934 mente
1331 898 1542 942 coortam,

439 963 696 1021 Diffugiunt
717 964 853 1006 animi
872 971 1060 1007 terrores
1074 982 1087 1015 3
1121 965 1286 1007 moenia
1306 963 1466 1007 mundi

438 1036 702 1087 Dissiliunt3
735 1043 880 1079 toturn
900 1035 1029 1079 video
1050 1050 1127 1092 per
1151 1035 1288 1079 Inane
1308 1037 1402 1092 geri
1421 1050 1518 1086 res3

436 1106 632 1163 Apparet
655 1107 825 1151 Divum
848 1107 1043 1158 Numen,
1067 1107 1281 1165 sedesque
1303 1107 1477 1165 quietae.
1497 1142 1506 1150 .
1528 1141 1536 1151 .
1557 1142 1565 1150 .

437 1178 498 1221 At
519 1185 673 1221 contra
692 1193 915 1236 nusquam
936 1186 1147 1235 apparent
1168 1178 1414 1221 Acherusia
1434 1179 1623 1234 templa;

437 1248 480 1291 N
485 1264 532 1292 ec
553 1250 704 1293 Tellus
727 1250 887 1300 obstat,
912 1251 1019 1307 quin
1042 1250 1190 1293 omnia
1212 1249 1515 1306 dispiciantur,

439 1320 533 1365 Sub
555 1321 743 1378 pedibus
766 1337 1044 1379 quaecunque
1066 1323 1182 1365 infra
1201 1337 1279 1378 per
1302 1322 1439 1365 Inane
1460 1328 1692 1378 geruntur.

286 1423 739 1499 Contemplatur
785 1423 1060 1480 videlicet
1110 1423 1295 1481 Inane
1356 1423 1504 1479 illud
1555 1442 1742 1490 suum,
1793 1422 1957 1479 velut

202 1521 401 1577 sedem
446 1520 619 1595 plane
663 1540 730 1577 ac
773 1520 1138 1577 domicilium
1171 1519 1492 1576 Potestatis
1536 1520 1733 1576 nescio
1775 1520 1958 1594 cUJUS,

201 1617 448 1683 infinitae
479 1624 542 1673 et
571 1618 897 1673 immensae.

286 1712 395 1768 Est
447 1712 643 1778 etiam,
697 1711 798 1767 ubi
826 1785 828 1788 ι
854 1711 927 1766 de
979 1712 1102 1767 vita
1151 1718 1365 1776 nostra,
1415 1717 1477 1766 et
1523 1712 1796 1768 universa
1847 1712 1955 1768 hac

200 1809 504 1864 hominum
550 1806 864 1883 republica,
910 1808 995 1863 ita
1038 1807 1318 1882 loquitur,
1356 1807 1520 1882 quasi
1566 1808 1664 1882 qui
1710 1808 1854 1864 velit
1894 1827 1956 1864 re

200 1924 266 1961 ac
312 1905 560 1960 veritate
602 1923 779 1978 quam
824 1905 1092 1978 proxime
1135 1905 1416 1961 accedere
1460 1904 1534 1960 ad
1579 1923 1709 1960 eam
1756 1903 1958 1960 Provi-

200 2001 479 2066 dentiam,
511 2019 684 2074 quam
717 2000 895 2055 verbo
925 1998 1144 2055 ibidem
1178 1998 1335 2054 tollit
1354 2007 1392 2054 ¹⁹.

435 2114 591 2171 Usque
612 2113 721 2156 adeo
743 2128 812 2156 res
834 2114 1052 2157 humanas
1075 2113 1156 2157 Vis
1177 2112 1327 2156 abdita
1348 2112 1554 2170 quaedam

434 2184 624 2236 obterit,
647 2192 689 2228 et
710 2185 919 2240 pulchros
942 2184 1097 2235 fasces,
1121 2199 1348 2242 saevasque
1371 2198 1546 2227 secures

433 2255 709 2306 Proculcare,
732 2270 781 2297 ae
802 2254 994 2298 ludibrio
1017 2255 1102 2298 sibi
1122 2254 1284 2298 habere
1304 2255 1493 2298 videtur.

283 2354 556 2411 Fulmina
598 2374 768 2430 porro
798 2374 865 2411 ac
907 2362 1292 2429 tempestates
1329 2357 1506 2412 modo
1546 2375 1664 2412 non
1696 2356 1955 2413 declarat

200 2451 479 2507 Numinis
509 2470 634 2507 esse
664 2470 809 2525 opus
833 2459 866 2506 ³.

433 2570 662 2621 Praeterea,
686 2569 760 2612 cui
780 2583 873 2612 non
895 2570 1070 2613 animus
1092 2570 1329 2613 formidine
1352 2571 1522 2614 Divum

432 2640 751 2684 Contrahitur?
785 2641 856 2684 cui
876 2655 969 2684 non
989 2648 1239 2697 conrepunt
1258 2642 1459 2685 membra
1480 2657 1656 2699 pavore,

432 2711 648 2754 Fulminis
669 2711 869 2755 horribili
890 2727 994 2755 cum
1015 2713 1146 2770 plaga
1165 2713 1332 2756 torrida
1351 2714 1502 2758 Tellus

433 2781 693 2834 Contremit,
716 2790 758 2825 et
779 2798 995 2840 magnum
1017 2791 1281 2839 percurrunt
1302 2800 1534 2829 murmura
1555 2787 1746 2829 caelum?

430 2853 537 2895 Non
557 2853 724 2909 populi,
747 2861 989 2911 gentesque
1010 2861 1223 2905 tremunt,
1246 2869 1462 2913 regesque
1483 2856 1664 2912 superbi

432 2924 690 2981 Corripiunt
713 2925 883 2968 Divum
903 2925 1095 2982 perculsi
1114 2925 1317 2969 membra
1336 2927 1509 2978 timore,

430 2994 501 3037 Ne
522 2994 642 3053 quod
663 2995 721 3038 ob
744 2995 991 3039 admissum
1011 2996 1142 3048 foede,
1165 2996 1389 3041 dictumve
1411 2998 1615 3054 superbe,

430 3065 670 3110 Poenarum
690 3080 824 3123 grave
846 3067 903 3110 sit
925 3067 1126 3111 solvendi
1145 3075 1321 3125 tempus
1343 3068 1582 3113 adactum?

284 3163 489 3240 Atque
519 3165 615 3222 hic
646 3166 888 3222 minime
932 3169 1321 3241 praetereundi
1352 3176 1489 3225 sunt
1520 3170 1721 3227 eximii
1752 3189 1952 3228 versus

197 3260 270 3317 de
299 3260 498 3317 futura
526 3261 732 3317 mundi
763 3261 929 3318 clade
948 3261 983 3317 t.

432 3373 669 3430 Principio,
691 3375 829 3417 maria
849 3389 898 3418 ac
920 3383 1073 3428 terras,
1097 3378 1348 3436 coelumque
1368 3385 1491 3422 tuere
1511 3396 1519 3422 :

432 3444 611 3489 Horum
630 3453 836 3490 naturam
857 3447 1090 3503 triplicem,
1111 3449 1196 3492 tria
1217 3464 1415 3507 corpora,
1439 3451 1643 3503 Memmi,

256 3591 279 3619 q
316 3582 449 3626 Lucr.
472 3597 514 3640 3.
543 3598 610 3637 14.
820 3592 838 3614 r
860 3596 901 3641 5.
931 3600 1057 3642 1231.
1266 3596 1282 3618 ⁵
1305 3601 1346 3645 5.
1376 3601 1500 3647 1217.
1711 3591 1728 3620 t
1749 3602 1790 3648 5.
1813 3605 1886 3648 93.

1024 3677 1059 3715 Z
1089 3681 1121 3715 Z
