2288 4036
148 285 299 321 PRAEL.
325 284 473 318 xxm.
549 265 655 317 Gur
679 264 724 315 is
750 263 983 316 videatur
1007 263 1063 314 in
1089 261 1317 313 mulieres
1341 260 1571 312 severior.
1792 261 1896 314 605

146 409 306 468 mula
356 408 538 466 semel
590 428 624 465 a
676 407 842 463 nobis
892 406 1116 463 sancita
1166 406 1240 461 de
1287 422 1517 461 summa
1564 403 1895 478 Euripideae

149 506 415 563 Poeseos.

229 601 347 658 Sed
391 618 506 675 qua
550 599 793 656 tandem
841 599 889 655 is
934 600 1162 655 ratione
1213 597 1372 665 fecit,
1417 603 1486 653 ut
1538 598 1896 653 inveteraret

146 697 244 754 illa
282 696 495 771 opinio,
526 703 906 770 prosecutum
951 714 1089 751 eum
1124 695 1303 751 fuisse
1347 711 1533 769 genus
1577 712 1752 749 omne
1791 693 1897 749 foe-

145 793 404 850 mineum
456 792 591 847 odio
636 792 907 865 quodam,
961 810 1036 847 ne
1081 791 1272 847 dicam
1324 789 1567 846 immani
1619 789 1893 847 feritate?

149 888 364 955 Primo,
407 888 536 962 quis
586 888 775 943 nescit
826 887 1063 962 reperiri
1115 888 1177 942 in
1220 886 1478 962 Tragicis
1527 885 1653 959 ejus
1703 886 1895 944 multa

145 985 459 1042 Comoediae
493 1003 659 1059 paene
697 985 986 1058 propiora,
1016 983 1229 1058 quibus
1258 982 1636 1058 exagitantur
1664 983 1894 1040 domes-

147 1083 280 1139 ticae
309 1080 430 1136 vita
472 1079 644 1147 mala,
675 1080 1059 1146 sermonibus,
1090 1087 1158 1135 111
1196 1078 1429 1145 assolet,
1466 1078 1890 1153 asperioribus;

145 1194 288 1251 quos
323 1176 369 1232 si
409 1176 538 1250 quis
582 1193 657 1231 ex
698 1176 755 1231 vi
799 1174 922 1232 sola
958 1174 1271 1231 verborum
1314 1174 1688 1248 interpretari
1728 1174 1889 1243 velit,

143 1271 303 1328 nulla
348 1269 623 1348 εἰρωνείας,
667 1288 842 1344 quam
887 1277 1121 1338 vocant,
1166 1270 1393 1326 ratione
1442 1268 1663 1337 habita,
1707 1289 1797 1327 nae
1843 1271 1892 1327 is

142 1386 344 1443 parum
388 1385 450 1424 se
495 1367 642 1422 scire
688 1366 973 1422 indicabit
1015 1366 1076 1421 in
1118 1365 1421 1422 literarum
1465 1364 1892 1441 hominumque
1940 1382 1946 1385 ·

142 1463 507 1521 commercio
575 1461 765 1521 Verbi
793 1462 983 1539 gratia
1017 1464 1173 1532 (nam
1201 1461 1350 1518 libet
1380 1461 1728 1528 exscribere,
1755 1481 1891 1537 quae

141 1560 325 1635 prima
374 1558 591 1616 librum
641 1558 940 1615 evolventi
984 1560 1323 1633 occurrunt)
1367 1556 1724 1614 Hermiones
1766 1556 1891 1615 haec

141 1662 274 1713 sunt
302 1655 364 1712 in
392 1653 812 1712 Andromache
829 1651 862 1711 ¹.

429 1786 528 1830 ἀλλ’
551 1786 712 1839 οὔποτ’,
734 1785 896 1838 οὔποτ’,
918 1788 968 1831 οὗ
987 1788 1071 1845 γὰρ
1093 1786 1278 1843 εἷο-ἅπαξ
1300 1787 1398 1845 ἐρῶ,

428 1858 513 1916 χρὴ
533 1857 632 1904 τούς
652 1876 703 1916 γε
723 1861 823 1903 νοῦν
842 1858 1034 1915 ἔχοντας,
1057 1857 1121 1905 οἷς
1141 1859 1262 1904 ἐστιν
1280 1859 1400 1917 γυνὴ,

427 1931 538 1987 πρὸς
557 1929 635 1986 τὴν
655 1930 700 1974 ἐν
721 1929 851 1976 οἴκοις
869 1931 1035 1988 ἄλοχον
1054 1931 1284 1989 εἷσφοιτᾶν
1305 1931 1378 1975 ε’ἃν

427 2004 640 2059 γυναῖκας’
673 2002 797 2047 αὗται
816 2003 900 2060 γὰρ
922 2002 1178 2048 διδάσκαλοι
1199 2007 1351 2047 κακῶν.

140 2124 284 2193 Quis
311 2142 430 2180 non
459 2123 741 2200 intelligit
771 2123 1059 2198 ejusmodi
1088 2124 1483 2198 querimonias
1511 2142 1585 2180 ex
1620 2124 1764 2199 ejus,
1788 2125 1889 2199 qui

138 2220 288 2277 forte
330 2219 607 2295 loquitur,
652 2220 1007 2287 conditione,
1051 2221 1267 2287 anim0‚
1307 2220 1571 2277 moribus
1610 2221 1889 2278 aestimari

139 2316 389 2374 debere?
474 2316 681 2392 Atque
710 2316 824 2373 hoc
854 2316 975 2373 late
1003 2323 1187 2392 patet.

106 2486 110 2489 ,
220 2418 512 2477 Praeterea
534 2420 751 2491 (dicam
782 2421 941 2476 enim
970 2420 1248 2477 audacius
1270 2420 1429 2495 quod
1457 2420 1604 2478 mihi
1634 2420 1695 2477 in
1723 2439 1890 2478 men-

138 2521 260 2571 tem
295 2515 482 2591 venit)
512 2515 652 2590 quid
691 2516 739 2572 si
780 2515 1091 2591 Euripides
1131 2535 1201 2572 ea
1244 2516 1423 2573 fuerit
1465 2515 1680 2582 indole,
1711 2523 1781 2572 111
1827 2517 1888 2574 111

140 2609 246 2666 hac
280 2611 599 2686 praesertim
639 2630 703 2668 re
747 2611 950 2668 luserit
991 2610 1290 2680 libentius,
1320 2631 1507 2687 eaque
1537 2631 1715 2687 quam
1746 2612 1889 2669 dici-

138 2722 268 2762 mus
315 2725 454 2763 usus
505 2708 582 2764 sit
631 2707 856 2765 ironia?
945 2707 1202 2783 Nempe,
1245 2715 1534 2783 quantum
1587 2728 1698 2785 ego
1749 2729 1887 2766 con-

127 2798 359 2873 jectura
409 2821 747 2877 consequor,
798 2803 914 2859 fuit
970 2802 1073 2859 ille
1124 2804 1429 2860 severioris
1480 2804 1615 2859 vitae
1666 2803 1714 2859 si
1766 2822 1885 2861 non

136 2912 335 2952 amans
371 2904 433 2953 at
469 2917 543 2955 ex
587 2899 784 2955 animo
814 2906 975 2956 certe
1014 2899 1319 2967 laudator3
1362 2900 1582 2974 quippe
1611 2898 1884 2955 alumnus

137 2987 613 3067 philosophorum
644 2994 887 3067 optimae
924 3000 1095 3061 notae,
1127 2993 1506 3070 Anaxagorae
1537 3002 1599 3051 et
1630 2994 1880 3052 Prodici.

139 3083 502 3143 Athleticam
529 3106 785 3163 quoque,
819 3095 889 3145 ut
932 3088 1115 3156 aiunt,
1154 3108 1300 3164 puer
1343 3108 1480 3145 cum
1524 3095 1694 3155 esset,
1737 3089 1885 3145 didi-

138 3185 333 3247 cerat3
379 3188 440 3238 et
479 3182 722 3240 fortasse
766 3184 989 3241 habent
1035 3185 1295 3241 carmina
1338 3185 1463 3258 ejus
1507 3183 1884 3259 significatio-

136 3290 272 3329 nem
300 3276 641 3334 nonnullam
666 3279 953 3353 ejusmodi
982 3280 1244 3354 peritiae:
1291 3279 1456 3335 velut
1477 3279 1579 3335 ubi
1602 3279 1883 3336 curiosius

136 3371 476 3445 exsequitur
523 3373 803 3431 ultimum
852 3374 1000 3431 illud
1043 3374 1299 3431 filiorum
1339 3375 1647 3450 OEdipodis
1696 3379 1884 3431 certa-

762 3599 777 3629 1
797 3611 901 3658 945.
923 3600 978 3644 cf.
1000 3600 1119 3645 Med.
1143 3602 1245 3655 408·
