2288 4036
114 255 269 289 PRAEL.
287 252 456 286 xxvn.
519 231 794 302 optimates
820 246 919 283 non
937 229 1131 301 plebem
1154 231 1494 284 adamaverit.
1751 232 1860 284 543

114 396 253 455 pore
293 375 576 443 delend03
626 373 855 441 deinde,
893 372 1310 430 excellentiam
1353 373 1529 430 istam
1569 390 1674 447 per
1716 371 1863 429 libe-

114 493 206 531 ros
265 473 548 548 cujusque
609 490 677 527 ac
744 476 1007 546 nepotes,
1067 471 1313 528 fortasse
1371 471 1433 526 in
1491 474 1861 545 perpetuum,

115 572 214 627 diu
257 569 494 644 quidem
539 574 718 635 certe,
759 567 1082 644 propagari.
1170 567 1425 624 Accedit
1462 566 1618 641 quod
1662 565 1724 621 in
1768 584 1865 622 eo-

114 686 243 724 rum
285 665 564 741 progenie
608 664 822 739 saepius
858 663 1320 720 numerabantur
1354 663 1465 738 ipsi
1507 661 1594 719 illi
1626 661 1863 718 Pindari

114 763 380 838 aequales,
429 761 720 837 principes
763 761 947 817 totius
993 759 1240 817 Graeciae
1283 760 1570 830 homineS,
1615 778 1863 835 quorum

112 862 161 918 is
223 858 551 916 identidem
620 856 896 932 praeclara
955 856 1280 914 certamina
1337 857 1606 924 canebat,
1663 855 1867 931 pleris-

113 975 228 1032 que
272 956 453 1012 etiam
499 953 901 1011 familiaritate
948 954 1297 1028 conjunctus
1349 961 1507 1011 erat:
1571 954 1653 1010 sic
1705 953 1864 1009 enim

113 1053 339 1110 ferebat
383 1071 587 1108 eorum
633 1058 970 1127 temporum
1014 1051 1198 1119 ratio;
1252 1050 1501 1108 Poetam
1543 1051 1863 1127 egregium,

112 1149 433 1207 maximam
464 1167 581 1205 suae
611 1147 800 1205 laudis
829 1154 1076 1223 partem,
1102 1148 1301 1225 magni
1324 1148 1620 1205 faciebant
1644 1147 1863 1224 egregii

113 1246 329 1321 quique
358 1245 625 1301 victores.
715 1243 785 1300 Id
818 1243 1073 1300 Pindaro
1104 1244 1395 1319 praecipue
1426 1263 1627 1301 carum
1667 1263 1735 1301 ac
1768 1244 1867 1318 ju-

114 1341 371 1399 cundum
402 1341 579 1397 fuisse
610 1340 832 1396 fatetur
860 1340 984 1415 ipse
1013 1341 1321 1397 notissimo
1352 1341 1611 1397 carmine
1630 1336 1679 1397 f:

316 1460 381 1505 ἐπ’
409 1461 588 1505 ἄλλοισι
619 1460 656 1505 δ’
678 1460 807 1504 ἀλλοὶ
831 1459 1027 1520 μεγάλοι·
1060 1461 1110 1504 τὸ
1142 1459 1178 1504 δ’
1211 1461 1403 1517 ἔσχατον
1434 1461 1700 1518 κορυφοῦται
1733 1461 1865 1513 βασι-

376 1536 519 1579 λεῦσι·
551 1533 700 1591 μηκέτι
719 1532 926 1578 πάπταινε
947 1535 1148 1591 πόρσιον.

317 1605 380 1662 ε’ίη
414 1603 467 1650 σε’
500 1625 547 1650 τε
574 1609 727 1650 τοῦτον
755 1606 876 1664 ὑψοῦ
907 1607 1066 1664 χρόνον
1095 1608 1260 1658 πατεῖν,
1293 1603 1367 1663 ἐμέ
1390 1624 1438 1650 τε
1464 1604 1659 1651 τοσσάδε
1687 1606 1866 1664 νικαφό-

376 1697 470 1738 pots·

318 1753 498 1808 ὁμιλεῖν,
520 1752 774 1809 πρόφαντον
796 1750 936 1809 σοφίᾳ
958 1748 1049 1794 καθ’
1064 1748 1285 1796 ’Ἕλλανας
1306 1750 1430 1795 ε’όντα
1449 1753 1602 1808 παντᾷ.

114 1850 308 1908 Immo
352 1870 456 1926 per
495 1851 693 1907 omnia
735 1851 861 1925 ejus
907 1850 1122 1926 scripta
1156 1851 1566 1926 primariorum
1607 1850 1865 1908 virorum

114 1946 374 2003 sodalem
410 1946 583 2004 facile
626 1966 920 2023 agnoscaS,
966 1946 1315 2004 lautioribus
1357 1954 1655 2005 assuetum
1702 1967 1868 2004 men-

105 2043 208 2111 sis,
243 2042 543 2098 interdum
587 2043 768 2099 etiam
811 2062 954 2099 auro
994 2042 1298 2100 libantem.
1386 2043 1597 2101 Nostis
1642 2050 1865 2112 autem,

114 2139 238 2214 ejus
282 2139 444 2214 quasi
490 2145 797 2196 contactus
840 2139 1004 2196 nullo
1047 2140 1110 2196 in
1151 2159 1369 2216 genere
1416 2141 1701 2216 majorem
1745 2142 1867 2197 vim

115 2235 387 2302 existere,
417 2253 594 2309 quam
635 2235 792 2310 apud
822 2253 922 2292 eos
952 2235 1164 2310 quibus
1200 2236 1508 2313 contingit,
1528 2237 1710 2311 juxta
1741 2235 1869 2293 Ho-

115 2331 349 2399 ratium,
381 2331 588 2389 “adire
619 2331 1025 2398 Corinthum,”
1056 2333 1118 2389 id
1148 2339 1258 2401 est,
1287 2334 1549 2390 amicitia
1576 2333 1866 2391 nobilium

117 2427 248 2483 frui.

200 2520 434 2578 Deinde
478 2522 794 2598 optimates
837 2542 953 2581 non
999 2524 1262 2599 plebeios
1312 2523 1582 2581 homines
1632 2524 1868 2599 proprie

117 2617 406 2674 decebant
450 2637 520 2675 ea
562 2618 772 2684 studia,
812 2639 940 2694 quae
978 2620 1235 2677 Pindaro
1280 2620 1651 2695 potissimum
1698 2626 1869 2676 erant

115 2715 177 2771 in
207 2714 448 2782 deliciis,
480 2715 603 2772 ludi
635 2715 912 2773 videlicet
945 2716 1229 2774 militares
1265 2736 1333 2774 ac
1362 2716 1695 2792 palaestrici,
1726 2734 1870 2790 quo-

116 2830 247 2867 rum
290 2812 611 2886 praesertim
657 2831 767 2888 ope
811 2832 1084 2870 revocare
1128 2814 1177 2870 is
1220 2819 1454 2889 poterat
1496 2813 1558 2869 in
1602 2812 1868 2870 animum

116 2907 394 2990 gloriosas
432 2907 562 2965 illas
602 2927 706 2965 seu
741 2909 968 2966 fabulas
1009 2911 1131 2967 sive
1175 2909 1430 2967 annales.
1519 2909 1868 2966 Pertinebat

117 3002 174 3060 id
212 3022 397 3078 genus
437 3023 612 3061 omne
656 3005 729 3061 ad
774 3005 1042 3063 homines
1078 3006 1310 3074 otiosos
1340 3025 1459 3062 non
1503 3005 1577 3062 ad
1618 3024 1735 3070 eos⁹
1767 3006 1867 3081 qui

118 3099 340 3156 victum
372 3101 444 3157 de
475 3101 570 3158 die
599 3102 660 3157 in
691 3102 848 3158 diem
880 3103 1241 3177 quaerebant.
1327 3102 1551 3179 Tetigit
1589 3102 1703 3160 hoc
1742 3103 1868 3178 ipse

119 3192 438 3263 Pindarus3
483 3195 799 3273 eleganter,
831 3204 899 3254 ut
929 3198 1144 3255 assolet
1164 3208 1192 3246 g
1209 3218 1221 3255 ε

645 3314 789 3374 κούφα
812 3316 936 3361 δόσις
955 3316 1078 3375 ἀνδρὶ
1100 3318 1231 3375 σοφῷ

319 3384 412 3428 ἀντὶ
441 3384 616 3442 μόχθων
644 3387 926 3431 παντοδαπῶν
947 3387 1048 3432 ἔπος
1068 3384 1220 3431 εἵποντ’
1247 3385 1410 3444 ἀγαθὸν
1429 3385 1557 3441 ξυνὸν
1581 3384 1775 3443 ὀρθῶσαι
1797 3402 1869 3427 κα-

379 3458 473 3500 λόν.

348 3635 353 3639 <
393 3604 461 3646 Ol.
492 3606 652 3647 1.181.
1282 3612 1301 3637 Ε
1322 3606 1471 3648 Isthm.
1495 3619 1532 3646 1.
1557 3603 1628 3645 62.
