2288 4036
144 229 295 262 ruffin.
317 226 469 260 xxm.
535 206 751 258 maoeime
767 204 1041 274 patiemim
1064 210 1111 256 et
1133 201 1496 255 misericordiae
1515 203 1707 272 yratia.
1785 203 1891 257 447

143 351 426 409 insaniam
466 366 630 405 suam
675 365 794 403 non
837 345 1078 402 acerbos
1107 345 1255 402 adeo
1284 345 1614 401 detestatur
1643 344 1890 413 doloreS,

141 465 318 522 quam
365 445 671 520 indignum
717 441 898 498 habet
941 441 1185 508 facinUS,
1222 441 1614 516 impotentem
1659 459 1721 498 se
1764 441 1890 497 fieri

143 544 361 618 linguae
407 560 540 607 suae,
581 538 889 612 verbisque
936 537 1252 594 inconditis
1301 538 1503 612 inepte
1549 555 1618 594 ac
1665 543 1891 594 temere

140 636 332 693 efferri
350 631 378 669 ¹<
398 654 410 692 ε

493 712 666 768 θολεροὶ
686 712 732 755 δὲ
752 714 879 770 λόγοι
899 711 1073 756 παίουσ’
1096 712 1183 768 εἰκῆ

490 786 677 842 σ-ωγνῆς
695 785 804 840 πρὸς
823 782 1009 840 κύμασιν
1028 782 1145 840 ἅτης.

225 894 298 950 In
346 893 435 950 his
485 893 731 950 fortasse
782 893 1051 949 nonnihil
1101 892 1422 968 adjuvabit,
1476 893 1522 948 si
1574 910 1890 967 componas

142 991 430 1067 virgineos
474 989 649 1046 fletus
692 1008 828 1046 cum
878 989 1235 1047 Prometheo
1281 989 1627 1065 indignante
1670 1008 1738 1046 ac
1781 989 1891 1045 mi-

139 1104 244 1143 nas
272 1081 589 1161 spirantel:

488 1205 532 1248 τί
550 1204 659 1248 ποτέ
675 1203 735 1261 μ’,
758 1204 791 1248 ὦ
813 1207 967 1262 Κρόνιε
986 1207 1078 1256 παῖ,

489 1293 529 1320 τι
550 1278 655 1320 πότε
679 1274 821 1320 ταῖσδ’
844 1275 1061 1330 ἐνεζεύξας
1082 1276 1216 1333 εὑρὼν

487 1347 764 1406 ἁμάρτουσαν
785 1347 830 1391 ἐν
849 1350 1109 1404 πημοναῖσιν
1120 1365 1135 1399 ;

139 1453 419 1511 Peccasse
462 1471 525 1510 se
566 1454 811 1511 minime
842 1454 1111 1521 dubitat3
1157 1454 1304 1511 scire
1332 1453 1511 1510 modo
1541 1453 1701 1519 velit,
1733 1455 1890 1530 quod

136 1549 315 1606 fuerit
343 1549 624 1625 peccandi
652 1569 859 1626 genus.
950 1550 1157 1627 Pergit
1185 1552 1367 1608 adeo:

486 1669 590 1727 πυρὶ
611 1668 794 1727 φλέξον,

487 1740 512 1797 ἢ
533 1741 659 1798 χθονὶ
681 1741 895 1799 κάλυψον,
917 1740 942 1796 ἢ
963 1741 1204 1786 ποντίοισιν

485 1813 636 1857 δάκεσι
657 1813 731 1859 δὸς
749 1813 901 1870 βορὰν,
923 1812 1034 1869 μηδέ
1050 1831 1123 1870 μοι

486 1883 714 1941 φθονήσῃς
734 1885 970 1943 εὐγμάτων,
990 1884 1113 1940 ἅναξ.

135 1986 448 2045 Videtisne
490 1987 756 2062 permitti
796 1986 1037 2062 Superis
1081 1986 1327 2043 modum
1371 2006 1607 2062 quoque
1653 1989 1887 2063 poenae?

131 2082 191 2138 id
241 2089 474 2139 tantum
525 2083 700 2140 enixe
748 2089 936 2159 rogat,
980 2089 1049 2139 ut
1095 2082 1231 2148 talis
1278 2082 1371 2150 sit,
1415 2102 1545 2158 quae
1589 2085 1664 2140 ad
1707 2084 1886 2141 finem

131 2178 388 2253 aliquem
433 2186 654 2255 vergat,
691 2198 841 2236 neve
882 2179 993 2236 sibi
1030 2180 1476 2237 discurrendum
1517 2181 1611 2248 sit,
1654 2181 1886 2238 infinito

132 2282 415 2350 tempore,
457 2282 587 2332 toto
632 2276 774 2333 orbe
817 2283 1127 2333 terrarum.
1214 2276 1367 2334 Abit
1411 2276 1611 2351 itaque
1659 2277 1722 2333 in
1771 2278 1887 2335 alia

129 2371 330 2428 omnia
370 2378 550 2446 atque
591 2371 768 2428 Titan
816 2371 918 2428 ille
964 2368 1193 2438 αὐθάδης
1244 2379 1306 2429 et
1353 2373 1765 2442 inexorabilis3
1816 2382 1886 2430 ut

130 2487 250 2524 non
291 2468 446 2525 male
491 2467 774 2534 crederes,
820 2468 944 2524 dari
992 2486 1099 2542 per
1148 2487 1280 2524 eam
1331 2469 1630 2543 specimen
1675 2470 1886 2527 mulie-

130 2564 248 2621 bris
291 2565 605 2639 patientiae,
636 2582 742 2639 per
776 2563 963 2632 illum,
995 2565 1358 2623 fortitudinis
1401 2565 1676 2623 masculae
1705 2573 1766 2623 et
1796 2567 1884 2622 in-

130 2662 324 2717 victae.
1636 2661 1648 2666 ’

213 2753 496 2829 Ejusdem
540 2754 726 2810 ferme
768 2762 930 2812 notae
976 2761 1116 2812 sunt
1157 2756 1289 2823 ista,
1331 2774 1460 2830 quae
1501 2755 1595 2812 vel
1641 2756 1883 2815 Prome-

128 2846 270 2903 theo
300 2847 482 2904 semel
512 2849 750 2924 cognito
780 2849 953 2906 facile
982 2849 1163 2906 fidem
1206 2849 1543 2923 adjunxisse
1573 2868 1706 2906 eam
1749 2868 1879 2906 nar-

128 2951 278 3012 rant,
309 2944 404 3000 vel
434 2945 493 3000 in
525 2944 838 3001 formidine
868 2963 974 3002 sua
1002 2952 1064 3001 et
1094 2963 1327 3021 angore,
1351 2964 1471 3001 non
1501 2946 1628 3002 sine
1657 2946 1881 3002 miseri-

127 3041 325 3098 cordia
354 3040 567 3097 vidisse
607 3059 763 3108 eum,
797 3041 978 3097 talem
1009 3041 1218 3108 virum,
1255 3048 1412 3098 tetra
1454 3042 1602 3099 adeo
1645 3061 1880 3118 perpes-

124 3154 275 3192 sum.
365 3135 677 3210 PrincipiO,
707 3136 912 3192 audito
942 3137 1125 3211 patris
1156 3136 1362 3193 Inachi
1393 3139 1702 3205 nominem,

473 3260 564 3300 πῶς
585 3254 620 3299 δ’
643 3257 693 3299 οὐ
715 3255 830 3299 κλύω
851 3259 923 3312 τῆς
944 3256 1270 3314 οἰστροδινήτου
1291 3259 1431 3315 κόρης,

475 3329 549 3382 τῆς
567 3326 774 3384 Ἰναχείας
785 3346 860 3379 3—

182 3503 207 3533 k
238 3504 383 3547 Prom·
406 3505 507 3559 884.
864 3508 877 3538 1
909 3509 1020 3552 Ibid.
1044 3520 1146 3567 579.
1343 3530 1347 3534 ·
1507 3517 1545 3540 m
1576 3510 1687 3554 Ibid.
1711 3521 1811 3568 591.
