2288 4036
1004 222 1360 277 INDEX.

284 350 501 410 exquisita
521 350 576 395 de
593 351 792 395 Numine
808 352 863 396 ab
882 366 934 396 eo
946 359 1141 404 evocato,

268 410 417 454 xxvii.
435 408 537 467 556.

223 469 362 512 Jason
394 468 654 511 Pindaricus
685 469 829 525 primo
865 483 1140 525 comparens,

282 526 415 571 xxvii.
448 537 549 584 557.
603 527 886 583 Euripideus,
928 527 1142 571 rhetorice

283 585 494 643 loquitur,
516 585 636 628 xxix.
655 585 755 642 586.

224 643 305 686 Ida
341 658 471 686 mons
509 643 654 686 nautis
699 618 948 687 Salaminiis
987 643 1139 701 displi-

283 716 403 753 cens,
425 702 577 745 xxviii.
595 713 696 759 572.

222 758 405 803 Ἰδιῶται
434 759 541 818 quid
573 760 764 803 maxime
795 760 841 803 in
870 761 1141 804 carminibus

287 825 500 874 spectent,
523 819 641 862 xxiv.
658 829 758 876 472.

223 876 489 919 Idololatrioe
521 877 675 920 similis
705 877 940 920 Poetarum
963 877 1143 935 quidam

284 949 418 986 error,
440 936 500 978 xl.
516 935 618 978 816.

224 993 492 1048 Jejuniorum
523 1008 628 1051 ergo
661 993 959 1052 Hippolytum
983 994 1141 1046 notari,

265 1052 402 1094 xxix.
422 1051 523 1095 608.

223 1109 448 1162 Jeremias,
469 1118 700 1167 ponuntur
720 1111 814 1168 ejus
830 1111 1002 1163 verbaj
991 1126 1050 1156 1v.
1065 1123 1137 1169 50.

280 1183 323 1211 v.
342 1168 370 1211 6

223 1226 364 1269 Iliaca
374 1180 545 1278 7clades,
572 1227 865 1272 Providentiae
897 1228 1138 1272 documen·

279 1291 392 1336 tum,
414 1301 488 1328 xx.
506 1284 608 1342 364.

226 1343 340 1386 Ilias
359 1343 415 1386 ad
427 1344 665 1387 formulam
686 1344 889 1401 exigitur,
911 1345 970 1388 vi.
984 1345 1042 1388 80
1055 1346 1135 1389 &c.

279 1401 495 1445 desiderio
522 1403 585 1445 rei
610 1402 813 1447 Heroicae
843 1403 1039 1455 debetur,
1063 1405 1135 1447 81.

280 1460 443 1517 duplex
484 1461 578 1517 ejus
628 1461 691 1503 rei
731 1462 1020 1512 confirmatio,
1063 1463 1135 1506 82.

281 1533 372 1562 non
409 1520 596 1576 sparsim
632 1526 723 1562 erat
759 1521 935 1576 scripta,
967 1521 1040 1577 83,
1063 1520 1135 1564 86.

260 1602 264 1606 ψ
282 1585 450 1621 actores
472 1578 566 1636 eJus
590 1577 660 1620 sui
681 1592 853 1635 semper
870 1579 1048 1630 similes,
1064 1580 1135 1632 84.

279 1649 396 1679 nova
430 1636 478 1679 in
510 1637 604 1694 ejus
640 1638 874 1693 postremis
907 1637 1135 1689 vocabula,

280 1694 352 1749 85.
385 1709 544 1751 genere
565 1694 741 1738 dicendi
754 1696 838 1739 sibi
859 1703 1045 1748 constat,
1063 1695 1134 1740 86.

280 1767 457 1796 summa
483 1754 592 1811 ejus,
621 1753 694 1798 vii.
724 1755 780 1820 88
807 1755 887 1797 &c.
920 1769 1017 1797 eam
1045 1769 1136 1798 non

279 1811 326 1854 in
358 1811 423 1855 ira
450 1811 636 1856 Achillis
669 1812 788 1869 poni,
813 1812 927 1856 sed
916 1828 961 1856 111
991 1813 1136 1871 Trojae

277 1870 483 1922 fortunis,
506 1885 577 1928 90.
609 1871 677 1915 vis
705 1871 798 1928 ejus
827 1871 1035 1924 nominis,
1063 1873 1135 1939 89.

277 1928 442 1985 pendet
482 1930 537 1972 ab
573 1928 759 1972 Achillis
800 1945 1002 1987 persona,
1046 1931 1133 1974 vui.

282 1987 528 2031 108—112.
539 1988 686 2032 xxxvi.
704 1987 802 2055 726.
826 1988 1134 2032 AEneidesim-

279 2045 450 2102 plicior,
470 2046 530 2089 xi.
550 2059 648 2103 170.
681 2047 754 2090 vix
786 2047 931 2103 potuit
962 2062 988 2090 a
1017 2062 1135 2091 caeco

281 2104 429 2156 scribi,
446 2105 535 2148 xiv.
553 2118 653 2158 241.
685 2105 780 2162 ejus
803 2120 979 2148 summa
999 2105 1055 2148 ad
1070 2121 1138 2149 re-

278 2162 466 2219 ligiones
502 2169 685 2219 spectat,
720 2179 793 2207 xv.
826 2163 924 2217 246.
958 2179 1011 2207 ex
1043 2165 1139 2220 lege

278 2220 544 2273 Aristotelis,
577 2222 786 2278 postponi
818 2222 948 2265 debet
979 2222 1138 2266 triviali

280 2279 352 2322 cui
385 2294 441 2322 ue
472 2279 683 2332 historiae,
725 2281 874 2324 xxviii.
908 2281 1010 2338 578.
1058 2296 1138 2324 cur

281 2336 370 2380 duo
404 2353 458 2381 us
481 2338 607 2396 quasi
627 2338 799 2382 actibus
829 2339 886 2382 sit
906 2339 1134 2396 producta,

277 2396 336 2439 vi.
361 2397 432 2450 85.
464 2397 613 2440 xxxvi.
630 2396 731 2454 726.

219 2452 413 2497 Imitatio
433 2455 569 2498 nimia
596 2455 643 2498 in
671 2455 970 2512 sculptoribus
998 2457 1135 2513 pessi-

255 2528 367 2564 ma,
401 2513 461 2556 iii.
505 2527 576 2570 32.
625 2513 865 2565 Platonica,
899 2515 1134 2558 nobiscum

277 2571 394 2623 facit,
411 2571 469 2615 iv.
484 2586 557 2638 41.
591 2571 781 2623 Poetica,
798 2572 968 2615 artificii
985 2573 1134 2630 cujus-

277 2629 383 2673 dam
418 2631 634 2674 rationem
667 2630 814 2682 habet,
841 2645 913 2697 42.
948 2631 1135 2675 Homeri

277 2703 358 2732 cur
396 2689 546 2733 minus
587 2697 757 2741 noceat,
794 2690 881 2733 xvi.
918 2701 1016 2747 273.
1055 2705 1136 2733 cur

274 2761 514 2790 numerum
554 2747 870 2791 Ρ11111311ο111111
912 2763 1004 2792 11011
1050 2749 1133 2791 1111-

276 2812 400 2857 nuat,
436 2805 536 2864 276.
576 2806 683 2864 quid
723 2805 779 2849 ad
822 2808 986 2864 stylum
1028 2822 1133 2850 con-

275 2863 401 2916 ferat,
427 2865 526 2931 278.
561 2879 649 2923 quo
682 2865 758 2908 fiat
787 2866 996 2932 periculo,
1031 2875 1131 2923 279.

273 2923 534 2979 primarium
555 2938 651 2967 esse
678 2938 769 2966 non
800 2924 977 2980 penitus
999 2931 1130 2976 vetat,

276 2981 376 3025 280.
409 2996 506 3024 eam
543 2996 647 3025 cum
676 2982 865 3039 εἰρωνείᾳ
899 2983 1131 3040 profitetur

274 3039 504 3097 Virgilius,
526 3042 675 3084 xxxix.
696 3040 795 3099 796.

214 3096 485 3141 Imitatoram
506 3099 645 3156 origo,
666 3100 725 3143 iv.
741 3110 812 3156 53.

213 3155 539 3200 Immortalitati
571 3158 759 3214 patriam
797 3159 1025 3216 anteponit
1061 3159 1127 3202 U-

271 3215 426 3282 lysses,
449 3216 507 3259 xi.
517 3215 626 3282 176.

211 3272 364 3318 Inanis
395 3273 587 3331 imagine
620 3273 825 3318 delectari
853 3275 1125 3327 Lucretium,

270 3332 405 3375 xxxii.
457 3332 559 3390 652,
601 3332 703 3392 657.
751 3334 1018 3377 immensam
1066 3309 1129 3377 1111

270 3389 540 3434 Potestatem
591 3392 646 3436 ab
697 3407 750 3436 eo
800 3393 950 3445 locari,
990 3407 1126 3437 xxxv.

271 3457 371 3505 705·

209 3506 397 3550 Inachus
417 3507 595 3552 fluvius.
617 3509 707 3552 xxi.
726 3523 828 3566 392.

212 3564 416 3608 Indorum
449 3574 700 3610 commenta
735 3582 839 3611 cum
875 3567 1127 3626 AEschyleis

254 3631 601 3681 comparantur,
623 3626 743 3670 xviii.
766 3640 868 3683 331.

214 3681 408 3738 Ineptias
432 3682 693 3729 interdum
682 3699 730 3727 111
755 3684 1002 3741 Tragoediis
1034 3699 1130 3728 esse

2033 224 2141 275 835

1286 352 1432 402 utiles,
1461 351 1580 393 xxix.
1604 351 1706 407 589.
1738 364 1830 393 non
1858 356 2037 406 propter
2066 364 2139 393 eas

1287 409 1539 453 exeundum
1563 408 1617 452 de
1639 408 1877 459 Primariis,
1899 421 2001 465 592.

1227 469 1392 524 Infiniti
1424 482 1562 518 amor,
1594 467 1798 511 Lucretio
1829 467 1982 524 religio
2019 482 2139 525 quae-

1286 526 1404 577 dam,
1425 540 1559 569 xxxv.
1585 536 1684 583 704.

1226 586 1428 642 Inyenuis
1441 584 1632 650 quadam
1647 599 1701 627 ex
1720 590 1843 641 parte
1864 583 2005 640 magis
2027 598 2141 640 opus

1285 658 1380 687 esse
1402 643 1576 694 Poesin,
1598 642 1627 685 i.
1650 657 1717 686 10.

1225 702 1360 744 Initia
1382 716 1646 758 magnorum
1668 715 1851 758 operum
1881 699 2043 756 saepius
2065 715 2140 743 ex-

1284 760 1404 817 igua,
1426 775 1529 803 xxv.
1553 774 1654 817 491.

1226 819 1421 885 Inopiam
1452 818 1689 861 verborum
1730 833 1756 860 a
1795 817 2010 875 religiosis
2047 819 2140 862 cul-

1287 877 1395 933 pari,
1418 891 1552 919 xxxv.
1577 887 1676 934 710.

1225 935 1403 992 Inopum
1431 942 1473 978 et
1503 935 1695 1002 Regum
1706 934 1894 978 eundem
1929 934 2022 978 fore
2050 935 2141 979 sive

1285 994 1478 1037 amicum
1513 993 1603 1037 sive
1636 994 1883 1045 inimicum,
1916 993 2006 1036 xiii.
2039 1007 2139 1047 214.

1285 1053 1375 1096 xiv.
1399 1066 1499 1106 224,
1523 1063 1623 1108 235.

1222 1109 1402 1154 Insania
1419 1110 1527 1168 quid
1546 1110 1706 1153 habeat
1727 1124 1831 1152 cum
1850 1109 1996 1153 Poetis
2018 1124 2139 1153 com-

1282 1183 1432 1220 mune,
1463 1169 1522 1212 iv.
1546 1182 1617 1225 43.
1661 1167 1910 1211 Aristotelis
1939 1168 1993 1235 de
2018 1183 2068 1211 ea
2095 1184 2142 1212 re

1275 1227 1512 1284 judicium,
1536 1242 1607 1280 44.
1640 1234 1787 1282 potest
1815 1241 1911 1270 esse
1938 1226 1985 1270 in
2009 1241 2140 1284 opere

1281 1285 1395 1329 bene
1427 1285 1687 1342 composito,
1714 1285 1864 1329 xxxiv.
1894 1284 1997 1329 686.
2038 1286 2141 1330 odio

1282 1344 1496 1401 εἰρωνείας
1546 1344 1848 1395 confirmatur,
1892 1343 1993 1410 687,
2036 1343 2139 1402 692.

1281 1403 1375 1459 ejus
1408 1403 1621 1459 exempla,
1649 1402 1732 1444 hac
1763 1402 1991 1453 memoria,
2020 1418 2074 1459 ap
2076 1403 2140 1446 ud

1282 1460 1454 1511 Poetas,
1477 1460 1578 1518 687.
1611 1460 1782 1518 ecquod
1809 1461 1968 1504 habeat
1989 1462 2141 1518 gratiae

1280 1519 1463 1575 poeticae
1481 1520 1624 1570 affine,
1643 1519 1743 1576 689.
1777 1519 2014 1575 pertinacia
2035 1535 2139 1563 nos-

1281 1578 1410 1629 citur,
1448 1578 1549 1636 691.
1597 1584 1640 1620 et
1680 1592 1794 1633 vago
1827 1593 1986 1634 genere
2020 1579 2139 1635 cogi—

1279 1636 1418 1688 tandi,
1433 1637 1534 1695 693.
1567 1635 1779 1679 divinitus
1793 1637 1978 1679 fortasse
1998 1638 2141 1695 loqui-

1280 1702 1367 1747 tur,
1407 1669 1516 1740 ibid.
1563 1694 1870 1738 testimonium
1908 1695 1963 1738 de
2007 1711 2057 1739 ea
2093 1711 2141 1740 re

1284 1753 1521 1800 Sacrorum
1544 1753 1795 1803 Librorum,
1819 1753 1919 1811 694.

1221 1810 1405 1855 Inscitia
1480 1812 1654 1859 erudita
1723 1788 1913 1869 Vi’rgilii,

1283 1870 1383 1928 796·
2105 1929 2113 1938 ,

1221 1928 1270 1972 Io
1291 1931 1359 1972 vel
1378 1928 1478 1980 Isis,
1505 1943 1609 1972 cum
1638 1929 1745 1980 suis,
1768 1929 1974 1987 AEschyli
1999 1943 2139 1986 specl-

1279 2002 1396 2038 men,
1419 1987 1540 2030 xxiii.
1567 2001 1668 2041 44¹·
1701 1989 1795 2041 ejus
1827 1988 2013 2038 indoles,
2036 2002 2138 2042 442.

1279 2060 1359 2090 cur
1379 2045 1644 2103 aegritudine
1665 2061 1746 2089 sua
1767 2045 2019 2096 delectetur,
2036 2061 2137 2103 443.

1281 2105 1377 2162 ejus
1394 2119 1526 2161 poena
1542 2103 1721 2161 duplex,
1736 2119 1836 2158 444.
1859 2105 1905 2148 in
1922 2104 2140 2161 pudorem

1281 2177 1374 2206 non
1401 2170 1668 2219 peccaverat,
1691 2163 1792 2216 446.
1826 2178 1930 2207 cum
1960 2163 2140 2207 Prome-

1280 2221 1384 2265 theo
1413 2228 1707 2278 comparatur,
1725 2233 1826 2278 447.
1860 2222 1966 2280 quid
1996 2237 2046 2265 ea
2072 2222 2139 2265 di-

1281 2280 1447 2323 vinitus
1491 2280 1723 2337 significet,
1760 2281 1861 2333 448.
1915 2280 2138 2337 pecudum

1281 2353 1457 2396 quoque
1477 2339 1804 2382 miserationem
1825 2339 1872 2382 in
1900 2354 1951 2383 ea
1976 2339 2136 2392 doceri,

1218 2409 1355 2498 Jobgs
1385 2470 1488 2498 cum
1517 2455 1728 2498 Balaamo
1755 2456 2048 2512 componitur,
2077 2456 2135 2500 vi.

1281 2512 1351 2571 76.
1385 2529 1488 2556 cum
1516 2513 1747 2571 [Eschle
1779 2515 1884 2557 xxii.
1907 2528 2008 2572 434.
2041 2515 2137 2572 ejus

1277 2573 1470 2615 lamenta
1509 2587 1614 2615 cum
1657 2572 1913 2629 Sophocleis
1955 2588 2136 2630 compo-

1278 2638 1463 2682 nuntur,
1485 2631 1636 2675 xxviii.
1659 2630 1760 2689 567.
1794 2646 1882 2690 quo
1904 2633 2035 2675 oculo
2056 2647 2135 2675 na-

1279 2696 1427 2732 turam
1448 2691 1687 2742 intueatur,
1710 2706 1814 2733 xxx.
1838 2689 1938 2747 623.

1217 2748 1319 2790 John·
1341 2748 1474 2791 verba
1494 2756 1737 2805 ponuntur,
1759 2765 1802 2791 x.
1827 2748 1924 2792 162.

1217 2807 1408 2849 Jocastae
1432 2806 1691 2863 Sophocleae
1719 2807 1958 2859 silentium,
1979 2808 2130 2851 xxviii.

1216 2876 1303 2966 1οέ
1325 2896 1607 2980 Euripideus,
1630 2938 1722 2966 non
1747 2923 1862 2967 servi
1894 2924 2131 2981 specimen,

1273 2982 1360 3025 xiv.
1381 2993 1480 3039 235.
1515 2990 1677 3026 sanctae
1706 2981 1957 3026 solitudinis
1985 2998 2131 3027 exem-

1272 3041 1383 3097 plar,
1401 3041 1520 3084 xxix.
1535 3040 1636 3084 608.

1212 3099 1485 3142 Jonathanus
1524 3114 1550 3142 a
1592 3099 1763 3142 Davide
1803 3100 2016 3156 ploratus,
2055 3100 2129 3145 vii.

1276 3171 1374 3201 100.

1211 3216 1350 3259 Ionici
1369 3222 1412 3260 et
1432 3215 1729 3274 Pythagorici,
1751 3217 1871 3259 xxxi.
1889 3216 1990 3274 631.

1210 3274 1341 3332 Iopas
1371 3275 1644 3332 Virgilianus
1682 3275 1937 3319 Lucretium
1971 3275 2128 3320 adum-

1272 3334 1384 3384 brat,
1406 3334 1555 3378 xxxvi.
1572 3344 1671 3392 717.

1211 3392 1445 3449 Iphiyeniae
1485 3407 1564 3436 cur
1606 3393 1768 3449 saepius
1803 3393 1851 3435 in
1886 3393 2127 3450 Agamem-

1270 3465 1388 3494 none
1414 3450 1490 3494 fiat
1515 3451 1698 3503 mentio,
1723 3466 1797 3494 xx.
1812 3450 1913 3508 360.
1946 3451 2000 3495 de
2033 3453 2127 3509 ejus

1269 3516 1412 3552 morte
1431 3516 1520 3553 tres
1543 3510 1833 3553 conferuntur
1850 3510 2009 3562 Poetae,
2024 3510 2128 3567 362.

1271 3574 1542 3624 temperatur
1562 3569 1657 3625 ejus
1673 3568 1897 3611 mentione
1915 3567 2125 3626 Clytaem-

1272 3633 1433 3669 nestrae
1477 3627 1697 3676 atrocitas,
1740 3640 1842 3683 373.
1904 3627 2127 3694 specimen

1274 3684 1525 3743 AEschyleae
1561 3684 1615 3728 de
1654 3685 1848 3728 foeminis
1883 3686 2125 3738 sententiae,

1301 3773 1456 3827 3H2

1984 1814 2138 1857 XXXlX.
