2288 4036
249 117 360 171 8926

307 247 500 293 laudans
540 249 711 293 Delum
749 255 792 292 et
832 247 1067 306 Cynthum
1111 264 1193 292 no·

308 308 452 352 minet
475 308 712 366 Virgilius,
736 309 921 352 xxxviii.
949 319 1050 366 777.

251 367 548 436 Apo-liodorus
581 368 636 412 de
672 368 869 412 Hercule
901 375 944 411 et
980 367 1193 420 Chirone,

310 443 402 472 Χ1Χ.

249 440 517 546 Apollonii}
537 487 762 540 Rhodius,
786 488 875 531 xvi.
902 488 1004 532 282.

250 548 479 606 Aquaram
517 547 794 616 liquidarum
836 555 1011 592 amator
1044 547 1194 607 Virgi-

310 608 417 660 lius,
440 608 625 652 xxxviii.
648 618 753 676 773.

251 668 516 736 Aquilaram
544 683 626 726 par
646 669 695 711 in
718 667 929 727 AEschyli
950 667 1195 726 Agamem-

313 743 447 780 none,
463 728 554 771 xix.
571 742 674 796 339.
709 743 735 772 a
767 728 870 773 uilae
889 728 1059 786 species
1074 727 1195 786 apud

316 787 530 840 Dantem,
553 788 707 832 xxxiii.
729 743 816 846 6¹78

253 848 488 907 Aquilonis
511 863 674 893 aureus
696 848 864 906 fulgor,
882 863 926 891 Χ.
943 847 1040 892 162.
1075 848 1198 906 apud

314 907 560 966 Virgilium
583 923 762 960 cursus,
785 908 939 952 xxxix.
966 919 1067 967 790.

253 967 424 1012 Arcani
467 967 590 1026 apud
633 968 884 1014 Ecclesiam
928 968 1196 1036 Disciplina,
1231 953 1234 955 .

313 1044 356 1072 v.
382 1027 455 1072 62.
490 1043 588 1072 eam
611 1028 667 1073 ab
691 1028 940 1096 Euripide
930 1043 978 1072 111
1003 1028 1196 1073 Bacchis

313 1088 506 1133 fortasse
528 1088 806 1141 adumbrari,
831 1088 952 1132 xxix.
970 1088 1073 1148 609.

253 1148 482 1192 Arcesilas
515 1164 540 1192 a
573 1148 771 1193 Pindaro
803 1149 862 1194 ob
895 1148 1198 1218 pulchritudi-

315 1223 421 1252 nem
451 1208 681 1261 laudatus,
711 1225 815 1253 xxv.
840 1221 942 1278 511.
988 1209 1084 1267 ejus
1118 1224 1197 1253 au-

314 1269 413 1327 riga
435 1243 794 1322 commendatur,
818 1269 939 1314 xxvi.
963 1281 1067 1337 520.
1111 1270 1198 1314 ira-

315 1335 391 1372 tus
414 1344 440 1372 a
463 1328 660 1374 Pindaro
681 1329 868 1388 regitur,
891 1329 1028 1373 xxvii.
1052 1340 1156 1388 545

254 1387 582 1448 Ἀρχαιότροπα
628 1389 832 1434 Homero
886 1389 1060 1442 dilecta,
1104 1390 1196 1434 xiii.

318 1449 422 1494 208.
456 1457 500 1494 et
528 1449 778 1502 Herodoto,
802 1450 892 1495 xvi.
914 1460 1015 1518 273.

231 1508 516 1553 *Archilochi
537 1509 700 1563 rabies,
724 1510 782 1554 vi.
806 1521 877 1568 75.
910 1511 1002 1555 xvi.
1029 1510 1131 1563 282,
1154 1527 1198 1565 4.

317 1569 414 1628 ejus
437 1569 575 1614 verba
595 1577 847 1627 ponuntur,
870 1570 979 1615 ibid.

255 1628 614 1674 Architecturam
664 1632 940 1688 templorum
994 1646 1021 1674 a
1068 1630 1200 1674 Poesi

317 1704 458 1747 prope
490 1690 662 1742 abesse,
696 1690 757 1734 iii.
781 1705 854 1749 33.
905 1706 1071 1749 genera
1102 1691 1199 1749 ejus

318 1750 514 1809 singula,
550 1750 661 1809 quid
697 1751 968 1809 significent,
1002 1762 1198 1809 33—35.

318 1810 414 1869 ejus
431 1811 503 1855 vel
523 1810 572 1854 in
593 1811 743 1868 parvis
767 1818 810 1855 et
830 1811 1085 1856 latentibus·
1100 1811 1201 1855 dili-

318 1871 485 1929 gentia,
508 1871 661 1915 xxviii.
680 1871 785 1927 565.

257 1931 515 1989 Areopayus
535 1946 630 1975 non
651 1931 822 1976 ferebat
843 1938 1074 1988 patronos,
1092 1931 1200 1976 xxii.

319 1992 425 2046 428.
454 1991 511 2036 ab
527 1991 749 2051 AEschylo
773 1991 948 2036 civibus
971 2006 1202 2063 commen-

322 2051 471 2104 datur,
495 2066 598 2111 429.

258 2111 405 2164 Arete,
430 2086 677 2156 Phaeacum
697 2111 868 2170 regina,
892 2111 981 2156 xiv.
1002 2126 1104 2170 233.

258 2172 434 2230 Aryivi,
457 2172 807 2216 Atheniensium
841 2172 965 2224 socii,
999 2179 1202 2230 tempore

321 2232 498 2291 AEschy
499 2233 546 2285 li,
570 2232 674 2277 xvii.
702 2242 804 2291 295.
843 2232 1201 2278 Atheniensibus

320 2292 377 2336 ab
396 2249 566 2355 AEsych'y
561 2293 618 2336 lo
641 2291 960 2345 commendati,
974 2293 1080 2337 xxii.
1096 2307 1200 2352 429.

321 2353 472 2397 80111111
501 2349 663 2397 'eorum
697 2352 990 2410 Supplicibus
1029 2368 1200 2406 carum,

320 2412 444 2457 xxiii.
469 2423 573 2471 455,
597 2411 701 2468 456.

261 2473 528 2530 Aryonaatae
550 2488 657 2517 cum
675 2472 843 2532 Ulysse
866 2480 1202 2531 comparantur,

320 2549 381 2578 xi.
410 2548 428 2577 1
500 2568 509 2577 .

260 2545 564 2651 Aryona'iiiiea
599 2593 799 2645 Pindari,
823 2593 945 2637 xxvi.
969 2605 1074 2653 519,
1098 2605 1203 2652 522,

264 2714 424 2771 Aryns,
459 2713 539 2758 Ius
574 2720 745 2766 custOS,
780 2714 877 2772 ejus
916 2714 1045 2766 ratio,
1081 2709 1224 2759 xxiii.'

261 2785 470 2878 Arigfftus
494 2833 714 2878 Ovidium
736 2833 970 2892 expressit,
993 2834 1085 2878 viii.
1105 2834 1205 2878 106.

262 2894 482 2938 Aristaeus
502 2901 694 2938 matrem
726 2902 899 2952 petens,
922 2894 1077 2938 xxxiii.
1101 2893 1205 2954 669.

323 2955 421 3013 ejus
443 2954 609 2999 fabulae
631 2954 759 3005 ratio,
783 2954 952 2999 xxxvii.
979 2953 1081 3012 746.
1115 2970 1204 2999 vox

323 3015 420 3073 ejus
443 3015 501 3058 ad
523 3014 773 3073 Virgiliana
794 3014 1039 3072 pertinens,
1066 3025 1167 3073 757.

262 3074 584 3134 Aristophanes
597 3074 870 3133 AEschylum
888 3073 1096 3127 irridens,
1112 3075 1203 3119 xxi.

325 3135 429 3193 388.
463 3141 508 3178 et
525 3134 807 3192 Euripidem,
826 3135 949 3179 xxix.
968 3146 1073 3202 594.
1107 3135 1204 3193 ejus

325 3194 382 3239 de
403 3194 567 3239 Atticis
595 3195 921 3239 rusticantibus
951 3195 1203 3239 testimoni-

325 3270 421 3308 um,
443 3271 550 3298 xxx.
575 3253 678 3298 618.
718 3255 766 3298 111
797 3254 978 3299 rusticis
1011 3255 1205 3299 nimium

324 3314 623 3373 voluptarius,
642 3315 764 3358 xxxi.
780 3314 883 3370 641.
929 3315 977 3358 in
1009 3314 1205 3372 nubium

325 3375 484 3419 formis
506 3374 687 3427 ludens,
711 3375 868 3419 xxxiii.
888 3374 991 3434 675.

262 3435 580 3493 Aristophanis
620 3434 759 3479 verba
801 3442 1052 3492 ponuntur,
1098 3434 1203 3478 xvii.

327 3496 430 3554 289.
464 3495 587 3539 xxiii.
613 3509 715 3553 439.
759 3495 912 3539 xxviii.
937 3494 1040 3554 569.
1080 3494 1203 3538 xxix.

324 3566 428 3613 594.
463 3555 615 3599 xxxiii.
635 3554 737 3613 675.

266 3614 528 3659 Aristoteles
562 3614 724 3659 Poesin
757 3630 940 3659 omnem
973 3615 1029 3659 ad
1067 3615 1205 3659 actio·

324 3690 430 3719 nem
462 3675 610 3727 refert,
633 3675 692 3719 vi.
720 3685 790 3732 75,
816 3675 888 3718 80.
922 3675 1072 3720 xxviii.
1101 3675 1205 3732 576.

1054 118 1423 170 INDEX.

1346 248 1535 293 Iliadem
1577 249 1748 293 ordinis
1786 250 2018 308 exemplar
2053 252 2223 308 posuit,

1345 309 1402 351 vi.
1427 309 1500 364 84.
1527 309 1646 377 quid
1667 309 1862 353 maxime
1893 309 2183 355 laudaverit
2173 327 2221 355 111

1345 368 1621 412 sententioso
1635 384 1812 427 genere,
1827 385 1900 412 xx.
1912 369 2015 428 365.
2039 385 2120 414 cur
2139 369 2223 414 So-

1343 427 1551 485 phoclem
1583 428 1755 472 caeteris
1787 436 2045 487 anteponat,
2068 430 2219 475 xxviii.

1345 488 1472 546 578.
1493 503 1572 532 cur
1604 487 1869 546 Euripidem
1900 491 2223 548 τραγικώτατον

1345 549 1552 650 {ppelless
1585 548 1707 592 xxix.
1735 563 1839 607 591.
1894 564 1975 593 cur
2006 550 2222 594 rusticam

1347 607 1511 651 Poesin
1533 622 1625 652 non
1649 623 1673 652 a
1708 615 1879 660 noscat,
1902 625 2008 652 xxx.
2029 608 2133 653 618.
2176 625 2224 654 8-

1338 667 1417 726 jus
1441 667 1496 711 de
1519 624 1796 726 Empedocle
1818 668 1951 721 dicta,
1975 669 2097 713 ΧΧΧ1.
2117 670 2221 728 634,

1344 738 1387 784 5.
1433 727 1488 771 de
1511 728 1619 772 orbe
1642 743 1839 781 summo,
1862 728 2000 773 xxxii.
2022 728 2125 797 655.

1284 787 1544 831 Aristotelis
1584 788 1723 832 verba
1763 797 2013 846 ponuntur,
2055 789 2115 834 iv.
2149 804 2222 858 44.

1345 863 1389 891 v.
1416 859 1488 906 71.
1534 848 1602 892 vi.
1617 848 1690 901 80,
1715 849 1788 903 84,
1812 863 1886 908 90.
1930 865 1975 893 x.
2004 861 2104 904 152.
2146 849 2222 918 Χ11.

1351 922 1450 967 199,
1476 921 1578 952 202
1613 908 1702 953 xiv.
1729 923 1830 963 242.
1865 909 1970 954 xvii.
1996 909 2098 954 288.
2131 909 2224 953 xix.

1345 979 1449 1026 337.
1489 968 1611 1012 xxiii.
1635 982 1740 1036 441.
1783 969 1903 1013 xxvi.
1927 980 2030 1027 517.
2069 969 2223 1013 xxviii.

1345 1029 1450 1086 578.
1489 1029 1592 1083 580.
1657 1028 1778 1072 xxix.
1822 1029 1926 1088 590,
1970 1036 2075 1087 591,
2119 1029 2223 1088 598.

1346 1088 1484 1132 ΧΧΧ11.
1509 1087 1612 1147 647.

1285 1148 1570 1192 Armaturam
1607 1147 1768 1206 cupide
1810 1148 1865 1193 ab
1907 1148 2110 1194 Homero
2149 1147 2225 1193 de-

1348 1208 1531 1261 scribi,
1521 1224 1582 1253 1Χ.
1602 1222 1701 1264 140.

1287 1269 1463 1312 Artium
1484 1268 1797 1313 inventoribus
1820 1276 1987 1327 praesto
2008 1268 2104 1313 fore
2124 1268 2171 1313 N
2172 1284 2227 1314 u-

1349 1344 1470 1382 men,
1493 1329 1629 1372 xxvii.
1653 1340 1757 1388 557.

1286 1388 1622 1447 Ἀρσενοπληθῆ
1666 1389 1857 1434 convicii
1897 1390 1997 1433 loco
2033 1404 2227 1447 usurpa-

1347 1456 1463 1503 tum,
1489 1449 1613 1494 xxiii.
1637 1460 1741 1507 453.

1286 1509 1482 1554 Artnras
1502 1509 1624 1568 apud
1649 1509 1944 1567 Spenserum,
1966 1509 2058 1554 viii.
2082 1508 2183 1554 106.

1286 1570 1494 1614 Ascetiea
1526 1569 1648 1627 apud
1681 1568 1962 1627 Euripidem,
1992 1569 2114 1613 xxix.
2137 1568 2226 1614 606

1346 1629 1514 1674 -610.
1538 1628 1660 1688 apud
1676 1629 1953 1681 Lucretium,
1968 1645 2104 1673 xxxv.
2123 1630 2226 1688 706.

1287 1691 1442 1734 Asiam
1477 1705 1584 1734 cum
1619 1690 1805 1747 Europa
1839 1689 1889 1733 in
1927 1688 2066 1734 Iliade
2103 1704 2227 1734 com-

1348 1750 1484 1803 mitti,
1513 1750 1589 1794 vii.
1613 1764 1688 1809 90.
1737 1749 1873 1794 urbes
1906 1749 2002 1808 ejus
2036 1749 2094 1794 de
2127 1749 2227 1794 Ho-

1348 1825 1476 1855 mero
1498 1817 1734 1862 certantes,
1758 1809 1848 1854 xvi.
1850 1820 1972 1878 ‚3272

1286 1871 1442 1916 Asiam
1469 1871 1676 1915 minorem
1706 1870 1962 1928 permulta
1951 1885 2000 1918 111
2024 1869 2228 1915 Homero

1349 1946 1519 1990 sapere.
1542 1947 1588 1975 x.
1607 1931 1706 1986 148.

1287 1992 1428 2036 Astra
1469 2006 1551 2035 cur
1590 1991 1800 2036 Lucretio
1843 1990 1987 2035 sint‘

1350 2067 1488 2096 xxxv.
1513 2051 1615 2111 706.

1290 2113 1574 2156 Athenienses
1614 2110 1815 2171 quidam,
1854 2110 1963 2170 quid
2006 2109 2231 2168 AEschylo

1349 2172 1459 2217 vitio
1491 2173 1722 2225 verterint,
1755 2171 1878 2215 xxiii.
1902 2186 2006 2229 439.
2069 2185 2228 2214 eorum

1351 2232 1407 2276 de
1430 2233 1547 2292 stylo
1571 2247 1758 2277 sensum
1778 2231 2058 2299 ignoramus,
2074 2229 2226 2275 xxviii.

1350 2303 1453 2351 577.
1503 2294 1621 2337 male
1654 2291 1866 2337 carebant
1901 2291 1995 2336 suis
2028 2289 2228 2348 praediis,

1351 2369 1456 2396 xxx.
1480 2352 1533 2396 61

1293 2412 1515 2457 Athletica
1531 2363 1641 2472 guid
1658 2411 1716 2456 ad
1734 2411 1931 2456 Heroica
1950 2409 2232 2462 attinuerint,

1351 2473 1473 2518 xxiv.
1497 2474 1601 2528 480.
1637 2473 1745 2516 satis
1773 2472 1923 2529 ampla
1951 2469 2228 2516 carminibus

1353 2533 1574 2586 materies,
1597 2549 1702 2578 xxv.
1726 2532 1981 2600 489—492.
2016 2546 2098 2575 cur
2113 2529 2230 2574 Ath-

1351 2594 1453 2638 letae
1487 2593 1655 2638 fuerint
1692 2592 1978 2661 optimatium
2014 2591 2229 2642 fautores,

1353 2654 1490 2698 xxvii.
1515 2664 1618 2709 542.
1658 2653 1828 2710 peritiae
1861 2650 2084 2720 ejusmodi
2107 2624 2230 2709 apud

1353 2713 1620 2772 Euripidem
1645 2712 1826 2765 indicia,
1848 2711 1970 2756 ΧΧίΧ.
1989 2710 2093 2769 605.

1289 2773 1589 2833 Ἀθροώτερον
1620 2746 1888 2832 jucundiiiS,
1920 2772 1996 2817 vii.
2019 2786 2094 2830 90.
2137 2785 2231 2815 non

1352 2842 1504 2878 tamen
1526 2849 1717 2892 semper,
1739 2834 1800 2877 xi.
1821 2844 1921 2891 179.

1292 2894 1493 2938 Atlantis
1538 2894 1709 2938 mentio
1751 2893 1861 2952 quid
1901 2893 2060 2944 valeat,
2103 2890 2233 2935 initio

1356 2954 1607 3014 Odysseiae,
1645 2954 1706 2998 xi.
1734 2964 1834 3012 175.
1889 2951 1998 3012 quid
2034 2952 2083 2996 in
2121 2950 2232 2994 Pro-

1352 3014 1548 3067 metheo,
1571 3014 1694 3058 xviii.
1718 3025 1822 3072 325.

1295 3075 1441 3119 Atomi
1474 3074 1700 3132 Epicurei,
1724 3088 1805 3118 cur
1835 3071 2045 3117 Lucretio
2076 3072 2232 3129 placu-

1352 3135 1483 3187 erint,
1518 3134 1657 3178 xxxii.
1688 3133 1792 3192 657.
1838 3133 1946 3178 solis
1977 3132 2026 3176 in
2056 3131 2230 3176 lumine

1353 3196 1606 3262 volitantes,
1628 3209 1765 3238 xxxv.
1786 3205 1890 3252 709.

1291 3254 1464 3299 Atossoe
1511 3254 1585 3312 pia
1624 3253 1942 3312 tranquillitas,
1985 3251 2091 3296 xvii.
2125 3265 2231 3309 304.

1353 3330 1460 3373 erga
1502 3315 1626 3359 Deos
1678 3314 1887 3372 religiosa
1938 3327 2082 3364 1118118,
2125 3322 2233 3369 307.

1353 3374 1563 3433 AEschyli
1586 3374 1830 3432 specimen,
1854 3372 1976 3417 xxiii.
2000 3386 2103 3427 441.

1292 3434 1421 3479 Atrei
1462 3436 1607 3493 epulae
1632 3433 1755 3502 quid
1798 3433 1841 3477 in
1889 3433 2236 3491 Agamemnone

1354 3496 1546 3546 valeant,
1570 3494 1693 3538 xviii.
1717 3494 1821 3552 318.

1292 3555 1436 3598 Attici
1452 3554 1565 3598 vatis
1582 3553 1798 3605 officium,
1818 3553 1923 3597 xxii.
1939 3566 2043 3610 430.
2077 3550 2234 3602 Attici,

1355 3614 1577 3658 Minervae
1619 3613 1865 3671 prophetae,
1909 3627 2012 3671 432.
2069 3611 2236 3656 Atticae

1355 3675 1474 3719 cives
1498 3674 1615 3718 fiunt
1638 3674 1876 3732 Erinnyes,
1901 3683 2006 3730 437.

1988 1990 2211 2042 “,Sevel'a’
