2288 4036
265 171 379 226 664
465 173 629 226 Ratio
654 191 843 236 eorum,
872 173 962 242 qui
986 191 1068 225 res
1092 171 1191 225 sibi
1215 191 1480 244 nunquam
1505 174 1642 226 visas
1686 192 2058 227 PRAEL.XXX111.

264 323 499 379 diamur
527 323 601 379 ad
635 320 754 378 alia
783 320 1082 396 quaedam,
1114 340 1312 397 neque
1342 321 1520 397 hujus
1550 323 1816 380 materiae
1845 321 2056 390 aliena,

261 439 475 496 neque,
508 421 599 477 uti
631 438 826 496 sper0,
855 437 963 494 per
992 436 1056 476 se
1085 437 1324 495 prorsus
1353 419 1696 496 injucunda.

347 514 445 574 Ac
475 517 737 592 primum
770 514 919 573 illud
953 515 1502 574 animadvertamus
1531 515 1695 585 licet,
1724 515 1852 573 fieri
1884 522 2061 591 potu-

260 616 377 673 isse
408 622 477 672 ut
507 632 729 691 magna
758 632 834 671 ex
866 623 1038 691 parte
1068 621 1298 672 careret
1332 613 1652 672 Lucretius
1681 633 1804 671 non
1833 614 2059 671 invitus

261 713 426 770 vario
469 710 574 768 illo
619 731 688 769 ao
729 711 1053 788 multiplici
1095 712 1433 770 recentium
1468 710 1794 769 Poetarum
1838 712 2058 770 instru-

259 817 506 867 mento:
566 829 823 886 quorum
869 810 1153 868 videlicet
1205 811 1255 868 is
1309 809 1664 886 plerumque
1716 816 1809 867 est
1865 817 2056 876 tenor,

258 915 330 966 ut
359 908 422 965 in
455 906 698 965 Natura
735 906 1037 965 laudanda
1077 907 1228 965 nihil
1269 907 1460 965 ferme
1497 926 1561 965 se
1596 914 1815 984 putent
1847 908 2056 984 egisse,

259 1008 320 1064 ni
350 1006 690 1064 inauditum
739 1007 1046 1083 proferant
1096 1007 1340 1083 aliquid,
1373 1007 1614 1083 suisque
1658 1006 1905 1064 tandem
1952 1004 2059 1063 ali-

259 1105 499 1180 quando
544 1111 923 1181 compertum
971 1103 1195 1176 oculis3
1248 1111 1355 1162 aut
1392 1112 1556 1163 certe
1601 1102 1836 1182 singula
1877 1102 2057 1180 longe

259 1202 560 1281 longeque
603 1202 765 1260 ultra
809 1193 1196 1262 communem
1243 1204 1493 1261 modum
1531 1202 1802 1261 efferant.
1893 1200 2058 1258 Hinc

259 1301 364 1360 illa
407 1309 535 1360 tam
587 1301 794 1378 procul
847 1302 1147 1371 arcessita,
1196 1322 1358 1360 nunc
1405 1302 1482 1360 ab
1534 1301 1721 1370 Indis,
1769 1321 1930 1359 nunc
1982 1299 2058 1358 ab

260 1408 536 1460 extremo
569 1400 939 1461 Occidente:
985 1402 1153 1460 velut
1182 1402 1287 1460 ubi
1318 1401 1415 1459 vel
1447 1401 1626 1460 Ficus
1658 1401 1870 1459 Indica
1886 1409 1928 1469 ἢ,
1960 1400 2058 1459 vel

258 1497 641 1558 Americanae
687 1500 1110 1583 describuntur
1153 1519 1310 1570 aves,
1342 1500 1440 1558 vel
1476 1501 1670 1576 siquid
1702 1499 1863 1558 aliud
1911 1519 2060 1577 prae-

259 1599 436 1676 cipue
470 1601 986 1658 commendaverit
1017 1601 1211 1658 doctis
1240 1599 1588 1657 hominibus
1626 1598 1959 1657 multorum
1989 1596 2063 1654 li-
2134 1635 2137 1638 -

258 1698 501 1755 brorum
535 1697 735 1756 lectio,

200 1782 205 1876 J
346 1796 494 1855 Non
517 1817 638 1874 quo
669 1799 1034 1876 negaverim,
1060 1798 1527 1874 amoenissimam
1553 1797 1878 1875 aliquando
1905 1797 2060 1856 Poe-

258 1896 349 1954 sin
380 1897 443 1954 in
473 1897 544 1955 iis
574 1896 902 1973 plurimum
938 1896 1157 1955 versari
1202 1897 1402 1966 rebUS,
1432 1916 1570 1973 quae
1601 1897 1663 1954 in
1695 1916 1925 1962 eorum,
1955 1897 2059 1972 qui

258 1996 622 2073 scripserint,
642 2003 954 2072 aspectum
984 1994 1153 2053 nullo
1175 2014 1444 2072 unquam
1468 2002 1744 2072 tempore
1764 1996 2057 2053 venerint.

258 2094 485 2171 Ecquis
537 2094 691 2152 ferat
744 2095 1108 2152 sententiam
1161 2095 1313 2152 adeo
1359 2094 1672 2173 ineptam?
1731 2095 2059 2171 praesertim

257 2195 417 2270 apud
454 2213 579 2262 nOS,
613 2194 716 2269 qui
762 2195 822 2251 in
863 2193 1027 2250 omni
1073 2193 1186 2252 hac
1227 2195 1483 2253 materie
1528 2193 1827 2252 soleamus
1862 2193 2062 2251 Phan-

257 2292 422 2350 tasiae
466 2299 668 2369 partes
700 2291 796 2350 vel
826 2292 1048 2369 primas
1078 2291 1175 2350 vel
1207 2300 1372 2351 certe
1408 2294 1742 2370 praecipuas
1773 2293 2056 2351 tribuere.

259 2390 383 2450 Sed
434 2391 549 2449 hoc
599 2392 790 2448 ferme
841 2391 1160 2470 intellig03
1213 2392 1262 2449 si
1311 2393 1414 2468 qui
1462 2393 1781 2469 scriptores
1827 2393 1890 2449 in
1943 2391 2060 2451 hoc

255 2509 479 2568 genere
539 2491 875 2549 carminum
936 2492 1178 2569 egregie
1236 2511 1357 2568 prae
1416 2492 1646 2550 caeteris
1705 2491 2059 2567 placuerint,

257 2588 492 2645 duabus
536 2590 804 2648 maxime
851 2589 927 2646 de
970 2591 1164 2647 causis
1215 2589 1547 2666 placuisse3
1598 2588 1695 2646 vel
1734 2589 1875 2665 quia
1925 2608 2061 2665 pro-

256 2687 386 2763 pria
414 2686 520 2745 illa
550 2706 788 2764 semper
817 2687 880 2744 in
912 2707 975 2745 se
1006 2688 1270 2746 habeant
1301 2688 1562 2765 aliquod,
1595 2688 1757 2764 quod
1787 2687 2059 2745 omnium

257 2805 581 2844 commune
613 2805 742 2844 esse
774 2787 1050 2845 videatur
1095 2795 1158 2845 et
1202 2788 1480 2865 gentium
1516 2794 1579 2845 et
1610 2787 1919 2856 locorum,
1961 2785 2059 2845 vel

257 2885 399 2961 quia
434 2884 570 2963 lege
601 2886 861 2961 quadam
895 2884 1102 2963 (quam
1135 2889 1378 2963 voca-nt)
1410 2885 1718 2962 ἀναλογίας
1761 2893 1921 2944 notae
1965 2904 2060 2944 res

258 2991 321 3041 et
351 2983 574 3060 ignotae
604 2991 821 3042 mutuo
851 2985 1012 3043 inter
1043 3004 1107 3043 se
1137 2986 1556 3062 respondeant.

344 3079 557 3158 Atque
594 3090 662 3140 ut
699 3084 905 3160 paucis
945 3085 1139 3161 primo
1171 3083 1562 3161 explicemuS,
1595 3084 1738 3160 quid
1770 3084 1882 3142 sibi
1914 3081 2062 3141 velit

259 3180 385 3239 haec
445 3200 628 3256 quam
690 3183 948 3240 di'cimus
1007 3182 1306 3258 ἀναλογία,
1368 3183 1643 3240 videmus
1701 3183 1914 3259 utique
1973 3182 2060 3239 ita

260 3279 472 3336 variari
514 3286 646 3336 tum
693 3280 1059 3338 naturalium
1105 3300 1306 3339 rerum
1347 3279 1633 3349 indolem,
1669 3287 1800 3339 tum
1841 3299 2055 3346 moreS‚

259 3377 518 3455 ingenia,
561 3377 881 3455 religiones
922 3379 1256 3449 hominum,
1301 3400 1409 3456 pro
1454 3379 1667 3438 habitu
1713 3380 1911 3457 gentis
1955 3398 2059 3436 cu-

792 3587 815 3610 a
836 3579 944 3625 Vid.
973 3580 1110 3625 C'urse
1130 3582 1188 3638 of
1200 3581 1415 3635 Kehama,
1438 3582 1529 3626 xiii.
