2288 4036
256 172 329 227 77
331 174 366 225 8
398 172 649 225 Locorum
672 170 1002 222 vetustiorum
1022 169 1235 221 nomina
1255 168 1387 239 quid
1404 168 1625 221 valeant.
1656 188 2057 225 PRAEL.XXXV111.

255 319 377 376 ime
424 338 562 376 cum
606 322 843 374 constet
895 316 1132 374 indiciis
1179 315 1431 374 minime
1473 316 1686 382 dubiis,
1729 317 2056 374 insuevisse

259 417 416 474 Eum
451 414 900 492 quodammodo
931 415 1110 472 certis
1155 413 1318 482 lociS,
1351 421 1535 490 atque
1567 416 1670 472 ubi
1703 415 1889 472 semel
1920 436 2053 492 pro-

256 518 551 593 pinquum
613 534 676 574 se
734 515 1120 591 praestiterat,
1176 514 1386 572 eodem
1451 514 1810 591 plerumque
1871 517 2056 573 serius

256 635 440 693 ocyus
499 614 711 671 redire.
803 612 965 682 Quid
1018 612 1253 671 multa?
1312 614 1548 690 experti
1602 614 1843 681 scimUS,
1891 614 2058 672 nulla

257 715 448 772 ferme
478 733 542 771 re
574 719 700 770 tam
733 712 974 789 penitus
1018 712 1277 770 insidere
1321 713 1385 769 in
1422 713 1728 770 mentibus
1770 721 1952 789 atque
1996 714 2059 769 in

256 812 575 871 affectibus
613 811 932 869 hominum
978 813 1420 888 praesentissimi
1464 811 1751 869 Numinis
1797 832 2057 881 sensum,

258 932 439 989 quam
485 911 756 969 locorum
788 909 1112 989 religione:
1161 930 1342 987 quam
1375 912 1526 969 adeo
1558 930 1694 969 suos
1727 912 1926 969 doceri
1960 932 2062 970 cu-

257 1011 412 1068 ravit
473 1009 618 1067 olim
673 1008 1008 1067 Prudentia
1066 1010 1342 1078 caelestiS,
1393 1011 1490 1068 vel
1549 1011 1813 1087 ipsorum
1877 1011 2061 1067 etiam

258 1110 574 1167 nominum
605 1110 854 1176 ratione,
887 1109 1104 1185 quibus
1150 1109 1438 1186 appellari
1475 1109 1672 1187 Ipsius
1710 1111 1886 1188 jussu
1931 1128 2064 1186 pas-

258 1209 371 1266 sim
403 1208 661 1286 legimus
693 1214 755 1265 et
787 1208 950 1266 vicos
982 1215 1045 1266 et
1076 1209 1371 1286 regiones,
1440 1209 1646 1267 Nemo
1679 1210 1837 1267 enim
1871 1208 2063 1266 nescit

258 1327 561 1366 sacrarum
601 1307 912 1365 literarum
962 1308 1274 1385 interpres,
1309 1314 1537 1384 quanta
1566 1328 1700 1385 pars
1731 1308 1892 1366 illius
1924 1309 2064 1366 doc-

258 1407 430 1466 trinae
482 1414 743 1484 ponatur
801 1407 864 1464 in
917 1407 1212 1484 ejusmodi
1261 1408 1707 1484 quaestionibus.
1803 1407 2067 1466 Creden-

259 1508 404 1565 dum
438 1508 663 1584 itaque,
695 1526 771 1565 ex
813 1506 905 1565 his
946 1507 1248 1585 germanis
1281 1508 1555 1584 verisque
1587 1507 1888 1565 effluxisse
1921 1527 2067 1583 quo-

260 1607 584 1665 dammodo
606 1606 976 1684 Virgilianas
1007 1606 1140 1664 illas
1172 1607 1434 1675 umbraS,
1459 1606 1751 1683 fictasque
1782 1613 1845 1664 et
1877 1607 2068 1663 nomi-

260 1727 408 1764 num
449 1714 512 1764 et
555 1705 826 1764 locorum
864 1705 1216 1784 religiones:
1270 1726 1522 1783 quarum
1555 1705 1699 1764 licet
1731 1706 1910 1784 longe
1941 1705 2070 1763 lon-

259 1826 458 1885 geque
496 1806 573 1863 sit
617 1804 865 1862 inferior
895 1811 958 1862 et
990 1805 1251 1883 dignitas
1293 1812 1356 1863 et
1401 1804 1809 1882 pulchritudo,
1840 1805 2068 1864 habent

261 1914 487 1972 tamen,
527 1904 687 1981 quod
737 1903 889 1962 mire
943 1911 1326 1963 commoveat
1371 1904 1624 1974 animos,
1662 1924 1801 1962 cum
1843 1912 1906 1962 et
1952 1904 2067 1963 loci

262 2005 443 2063 fidem
478 2003 791 2080 portentiS,
820 2010 882 2061 et
914 2010 1197 2080 portenta
1226 2002 1375 2062 locis
1406 2003 1632 2061 addant
1663 2002 2066 2061 formidinem.

352 2102 514 2161 Illud
560 2109 768 2160 autem
810 2102 1124 2171 eximium,
1167 2103 1215 2161 si
1258 2102 1414 2160 forte
1454 2102 1758 2172 acciderit,
1791 2109 1861 2160 ut
1899 2103 2069 2162 caeri-

263 2204 483 2269 moniis
522 2210 586 2260 et
633 2201 963 2279 originibus
1010 2202 1218 2279 patriae
1264 2202 1509 2279 propius
1554 2201 1944 2279 implicentur
1984 2201 2071 2259 lo-

264 2323 472 2361 corum
514 2301 821 2359 memoriae
870 2320 940 2358 ac
986 2301 1248 2358 nomina.
1339 2300 1477 2370 Quo
1523 2301 1585 2358 in
1633 2320 1855 2379 genere
1900 2300 2068 2370 nihil,

265 2404 462 2473 cred0,
499 2402 685 2460 habet
727 2400 1072 2476 antiquitas,
1112 2400 1273 2477 quod
1321 2406 1427 2458 aut
1473 2399 1667 2458 simile
1709 2400 1786 2457 sit
1831 2407 1937 2458 aut
1983 2420 2073 2458 se-

265 2503 533 2561 cundum
585 2499 999 2559 laudatissimo
1052 2498 1142 2558 illi
1196 2500 1271 2558 de
1326 2498 1610 2557 Evandro
1657 2500 1897 2575 situque
1951 2499 2074 2556 Ro-

265 2622 458 2661 manae
520 2601 681 2659 urbis
741 2600 1009 2658 carmini.
1100 2598 1326 2675 Neque
1388 2618 1528 2657 vero
1589 2598 1918 2675 quidquam
1988 2598 2073 2657 ibi

266 2702 453 2761 habet
507 2718 779 2759 summus
827 2698 1067 2769 artifex,
1111 2699 1271 2776 quod
1319 2699 1512 2777 magis
1561 2698 1843 2767 delectat,
1891 2718 2072 2774 quam

268 2801 430 2879 quod
475 2798 791 2878 paullatim
833 2818 896 2857 se
934 2799 997 2856 in
1027 2797 1210 2856 altius
1242 2798 1435 2876 erigat
1467 2798 1674 2867 oratic,
1707 2798 2072 2875 propiusque

268 2900 517 2959 accedat
557 2898 633 2955 ad
679 2915 979 2954 summam
1023 2895 1189 2954 illam
1238 2915 1308 2953 ac
1354 2895 1745 2954 celsissimam
1792 2896 2072 2972 majesta-

269 3007 414 3057 tem.
506 2996 782 3054 Primum
814 2994 1119 3063 videlicet,
1151 2995 1238 3052 ait
1271 2994 1591 3052 Evandrus
1609 3003 1656 3063 P,

514 3107 629 3153 Haec
650 3122 838 3152 nemora
857 3106 1086 3166 indigenae
1110 3106 1253 3151 Fauni
1275 3105 1597 3166 Nymphaeque
1618 3105 1833 3150 tenebant
1853 3123 1862 3149 ε

269 3208 673 3268 semideorum
731 3204 936 3281 potius
996 3224 1179 3282 quam
1231 3204 1503 3263 Deorum
1556 3205 1739 3262 natio,
1833 3202 2071 3261 Deinde

270 3311 605 3365 memorata
635 3304 976 3363 Carmentis
1007 3310 1133 3362 tam
1167 3323 1268 3362 ara
1298 3323 1479 3380 quam
1510 3309 1739 3380 portam

514 3415 644 3459 Vatis
667 3413 876 3468 fatidicae,
900 3415 1061 3459 cecinit
1084 3429 1185 3474 quae
1208 3413 1355 3472 prima
1379 3413 1558 3458 futuros

514 3488 746 3534 AEneadas
770 3505 978 3548 magnos,
1002 3496 1045 3534 et
1067 3489 1219 3534 nobile
1244 3488 1529 3533 Pallante-um
1547 3506 1561 3540 3

392 3623 409 3648 P
434 3615 548 3659 AEn.
573 3615 616 3659 8.
641 3629 744 3673 314,
1542 3619 1566 3650 q
1588 3610 1701 3654 Ibid.
1726 3623 1828 3668 340.
