2288 4036
251 270 410 306 PRAEL.
432 271 657 304 xxxvm.
715 253 960 305 Locorum
984 253 1273 308 mentione-m
1301 252 1513 304 tenerius
1535 271 1723 305 sonare.
1900 255 2004 312 769

249 401 487 468 propter
530 412 708 468 aquas
755 393 936 450 fluere
985 392 1422 466 quodammodo
1469 400 1530 449 et
1580 393 1715 449 ferri
1762 395 2002 462 sonitUS,

248 496 425 563 atque
455 491 514 545 in
546 489 674 546 loca
698 497 919 564 praeter
949 489 1426 563 expectationem
1457 487 1795 564 longinqua.
1840 489 2002 546 Nam

247 604 528 659 aquarum
559 583 832 652 solarum,
858 586 946 641 uti
979 585 1205 652 videtis,
1237 585 1305 641 fit
1334 585 1577 642 menti0.
1674 585 1794 641 Sed
1826 586 2004 642 fuerit

247 700 608 755 quaecunque
656 682 804 738 ratio
858 664 1221 757 singulorum
1275 682 1599 748 nominum,
1649 682 1710 737 in
1756 700 1826 737 eo
1868 700 2006 738 con-

247 779 520 845 sentient,
582 779 802 853 opinor,
864 797 1082 845 omneS,
1142 797 1260 834 non
1320 779 1443 834 sine
1512 797 1726 855 magna
1788 778 2002 853 leporis

235 875 470 948 jactura
514 875 695 931 eximi
738 893 906 950 posse
938 893 1014 930 ex
1044 874 1156 930 isto
1199 870 1458 931 carmine
1488 876 1827 950 ignotorum
1859 875 2003 931 licet

246 969 507 1026 locorum
539 970 840 1038 vocabula.

329 1067 540 1124 Dicam
586 1067 745 1124 aliud
790 1086 857 1124 ac
916 1067 1169 1123 nobilius
1215 1066 1594 1141 exemplum:
1658 1068 1840 1122 immo
1888 1086 2004 1140 quo

247 1164 345 1218 vix
382 1162 601 1238 aliquid
643 1164 901 1220 tenerius
945 1163 1005 1218 in
1037 1163 1355 1219 tenerrimo
1400 1162 1682 1237 scriptore
1723 1163 2001 1219 invenias.

248 1258 568 1333 Postquam
602 1259 875 1315 videlicet
906 1259 1273 1315 sacerdotem
1304 1258 1618 1332 quendam,
1651 1267 1712 1315 et
1749 1260 2002 1315 eundem

245 1356 559 1420 medicum,
591 1356 647 1410 in
688 1362 914 1429 partem
935 1354 1075 1411 belli
1106 1355 1434 1410 adduxerat
1457 1363 1497 1421 θ’,

474 1475 667 1533 -Vipereo
688 1478 838 1534 generi
860 1482 901 1520 et
922 1477 1114 1533 graviter
1136 1476 1406 1532 spirantibus
1433 1475 1586 1534 hydris

481 1547 695 1605 Spargere
718 1549 794 1606 qui
808 1562 1017 1591 somnum
1039 1555 1260 1606 cantuque
1282 1563 1506 1606 manuque
1530 1548 1713 1599 solebat,

481 1620 795 1678 Mulcebatque
817 1620 924 1671 vias,
947 1627 989 1663 et
1011 1634 1186 1664 morsus
1209 1627 1300 1663 arte
1321 1620 1493 1664 levabat
1511 1639 1524 1672 3

482 1693 569 1737 Sed
592 1709 683 1737 non
707 1693 944 1738 Dardaniae
965 1694 1174 1738 medicari
1195 1693 1393 1751 cuspidis
1415 1694 1555 1738 ictum

479 1767 669 1819 Evaluit,
692 1781 836 1824 neque
857 1781 960 1810 eum
981 1766 1135 1824 juvere
1157 1766 1204 1809 in
1225 1767 1406 1809 vulnere
1429 1774 1586 1810 cantus

482 1838 731 1889 Somniferi,
754 1845 796 1881 et
820 1838 982 1882 Marsis
1005 1837 1202 1895 quaesitae
1223 1838 1268 1881 in
1290 1838 1519 1882 montibus
1540 1838 1716 1882 herbae:

245 1953 476 2021 arrepta
529 1947 727 2003 statim
781 1953 1058 2003 notorum
1106 1948 1401 2003 montium
1461 1948 1782 2014 mentione,
1829 1966 2002 2003 moes-

246 2043 529 2099 tissimam
572 2042 679 2099 sibi
720 2043 890 2119 fingit
929 2043 1185 2100 naeniam
1232 2042 1494 2098 omnium
1540 2043 1823 2111 locorum,
1855 2062 2000 2118 quos

246 2138 346 2194 ille
375 2158 683 2215 peragrare
715 2147 1101 2196 consueverat
1127 2159 1138 2195 :

479 2254 543 2298 Te
563 2268 721 2298 nemus
744 2254 952 2311 Angitiae,
975 2254 1113 2297 vitrea
1133 2261 1175 2296 te
1200 2253 1393 2296 Fucinus
1415 2253 1551 2305 unda,

478 2327 541 2370 Te
561 2325 718 2384 liquidi
738 2326 894 2369 flevere
914 2327 1052 2369 lacus.

248 2436 390 2492 Non
441 2437 636 2511 potuit
688 2453 879 2510 neque
927 2436 1160 2492 brevius
1206 2456 1399 2512 neque
1451 2435 1737 2494 flebilius:
1804 2437 2000 2494 videte

246 2551 398 2599 vero,
441 2551 515 2588 an
559 2532 618 2587 in
662 2531 924 2588 locorum
961 2533 1295 2589 nominibus
1337 2540 1603 2589 vertatur
1646 2534 1836 2590 omnis
1876 2534 1998 2590 fere

246 2630 359 2685 ista
398 2628 680 2684 dulcedo:
726 2628 836 2684 nisi
878 2628 1031 2684 forte
1061 2628 1239 2685 addas
1286 2629 1542 2685 subitam
1573 2627 1736 2685 illam
1776 2631 2000 2687 medio-

245 2744 360 2800 que
419 2724 704 2782 versiculo
755 2724 1067 2800 abruptam
1127 2724 1468 2782 clausulam.
1559 2724 1763 2782 Multa
1818 2726 1999 2784 habet

246 2821 402 2887 talia,
434 2822 522 2878 uti
564 2821 764 2886 nostiS,
799 2820 1086 2897 Virgilius
1116 2828 1349 2890 noster3
1394 2823 1479 2879 ita
1510 2829 1709 2880 tamen
1743 2822 1999 2898 plerum-

251 2937 365 2993 que
404 2924 774 2993 comparata,
820 2924 889 2974 ut
948 2918 1099 2975 forte
1151 2920 1402 2993 quadam
1454 2919 1652 2995 potius
1711 2920 1998 2977 excidisse

246 3015 572 3081 videantur,
623 3033 800 3089 quam
853 3014 1116 3071 adhiberi
1161 3015 1221 3071 in
1273 3015 1764 3092 significationem
1808 3018 1999 3093 gravi-

246 3112 360 3168 oris
391 3111 635 3186 alicujus
666 3110 947 3180 affectus3
993 3131 1122 3186 quae
1151 3112 1327 3187 hujus
1350 3113 1593 3170 fortasse
1616 3112 1875 3188 exempli
1907 3120 1997 3169 est

247 3207 412 3263 rati0.
1563 3204 1565 3206 ’

330 3302 654 3359 Veniamus
684 3304 756 3359 ad
799 3303 1228 3369 similitudineS‚
1261 3322 1405 3378 quas
1436 3304 1716 3380 plurimas
1747 3306 1821 3362 ad
1860 3324 1997 3362 ean-

249 3398 381 3454 dem
434 3399 746 3456 formulam
801 3401 1001 3476 exegit
1055 3389 1281 3457 Poeta:
1349 3403 1666 3460 nominatis
1719 3401 1997 3459 videlicet

944 3589 969 3618 y
1000 3582 1111 3624 AEn.
1137 3592 1177 3638 7.
1199 3593 1298 3640 753.

1089 3660 1123 3711 3
1150 3673 1189 3711 D
