2288 4036
234 1056 831 1125 PRAELECTIO
890 1054 1364 1123 VICESIMA
1422 1050 1902 1120 SECUNDA.

192 1474 353 1519 Paucis
377 1473 633 1531 praemissis,
665 1471 717 1515 de
744 1486 847 1516 vera
874 1470 1182 1515 audiendorum
1214 1470 1447 1514 Poetarum
1483 1470 1668 1521 ratione,
1701 1469 1952 1514 accuratius

250 1547 451 1603 definitur
481 1560 531 1589 ea·
560 1545 844 1588 Eumenidum
875 1545 1002 1587 initio
1036 1544 1166 1587 trium
1197 1544 1445 1586 ultimarum
1484 1542 1809 1599 Trayoediarum
1836 1542 1949 1584 AEs-

251 1619 367 1674 chyli
388 1617 555 1660 Nodus.
602 1617 811 1668 Docetur,
832 1617 943 1660 solvi
973 1630 1066 1659 eum
1088 1616 1401 1673 provocatione
1422 1615 1607 1673 quadam
1633 1615 1801 1658 Orestis
1816 1635 1829 1657 .·
1863 1619 1951 1657 tum

238 1691 392 1746 fusius
419 1689 682 1747 disputatur,
701 1689 845 1746 primo
867 1689 919 1731 de
940 1689 1088 1731 Furiis
1118 1702 1298 1745 quarum
1329 1693 1483 1731 contra
1512 1688 1766 1730 seutentiam
1789 1701 1950 1744 provo-

251 1769 376 1807 catur
387 1781 408 1811 ;
441 1762 592 1805 deinde
611 1762 663 1805 de
682 1762 897 1819 Apolline,
927 1767 1103 1804 auctore
1130 1760 1398 1818 provocandi
1408 1778 1429 1809 ;
1454 1766 1690 1818 postremo,
1717 1760 1769 1803 de
1797 1774 1844 1803 eo
1877 1774 1950 1803 cu-

240 1837 319 1891 jus
339 1835 398 1878 ad
415 1834 637 1892 imperium
649 1839 931 1891 provocatur,
952 1848 1038 1877 non
1058 1833 1300 1890 Areopayo,
1321 1832 1399 1876 sed
1416 1846 1612 1889 supremo
1633 1832 1754 1876 Jove.

340 2002 905 2062 GGRESSURUS
934 2005 1061 2079 jam
1092 2003 1271 2060 hodie
1302 2002 1680 2067 Eumenidae,
1712 2000 1951 2057 tertiam

380 2109 609 2177 partem
646 2102 889 2159 illustris
919 2102 1207 2179 Trilogiae,
1239 2103 1496 2178 primum
1542 2100 1807 2157 omnium
1853 2118 1952 2169 ve-⁴

193 2201 352 2256 niam
370 2199 521 2256 hanc
541 2219 576 2256 a
593 2199 759 2256 vobis
776 2206 935 2274 pete,
950 2197 1394 2267 Academici,ut
1413 2197 1616 2255 sinatis
1635 2215 1733 2252 me
1752 2195 1951 2271 paullo

195 2296 416 2353 diutius
462 2296 523 2351 in
570 2315 640 2353 ea
684 2296 1006 2370 quaestione
1053 2295 1287 2362 versari,
1333 2314 1466 2369 quae
1516 2300 1578 2350 et
1626 2293 1952 2350 arctissimo

194 2412 353 2449 nexu
391 2393 783 2469 conjungatur
822 2411 957 2449 cum
994 2399 1346 2468 argumento
1386 2397 1604 2456 nostre,
1636 2397 1697 2446 et
1727 2389 1946 2445 nemini

195 2487 513 2543 Poetarum
544 2487 767 2544 amanti
803 2506 921 2543 non
952 2486 1265 2561 aliquando
1305 2487 1365 2542 in
1409 2493 1672 2542 mentem
1707 2485 1952 2541 venerit.

196 2584 454 2651 Etenim,
502 2603 638 2641 cum
696 2583 951 2659 primum
1009 2582 1394 2640 instituebam
1447 2601 1744 2639 summum
1804 2581 1951 2644 illud

196 2683 352 2756 quod
382 2687 595 2737 vocant
619 2679 873 2737 Poeseos
903 2699 1090 2756 genus
1119 2680 1413 2756 indagare,
1436 2680 1547 2737 hac
1578 2680 1951 2755 potissimum

195 2777 305 2842 via,
337 2782 405 2831 ut
448 2775 509 2830 in
547 2775 706 2830 omni
737 2776 1035 2851 scriptore,
1068 2776 1162 2832 eui
1195 2776 1435 2850 quidem
1475 2795 1580 2833 suo
1610 2777 1748 2851 jure
1780 2777 1955 2832 datur

197 2871 378 2927 divini
422 2872 597 2947 hujus
632 2872 886 2928 nominis
914 2871 1117 2939 honor,
1150 2873 1536 2946 quaerendum
1568 2874 1664 2940 sit,
1695 2891 1951 2947 quonam

195 2968 455 3025 maxime
505 2968 566 3024 in
617 2987 832 3045 genere
884 2968 1111 3026 fervere
1158 2976 1220 3025 et
1265 2989 1340 3026 ex
1396 2989 1457 3027 se
1509 2970 1653 3045 eripi
1704 2970 1951 3044 quisque

195 3064 381 3120 soleat
405 3083 582 3132 3—-ex
636 3084 752 3139 quo
811 3064 1078 3131 efficitur,
1132 3072 1226 3122 tot
1284 3066 1459 3141 plane
1512 3066 1769 3123 Poeseos
1828 3066 1956 3122 fore

194 3178 425 3235 genera,
458 3168 603 3235 quot
640 3161 734 3217 vel
779 3163 1204 3218 sententiarum
1248 3162 1340 3218 vel
1383 3162 1729 3230 hominum;
1776 3162 1954 3234 (Poe-

196 3256 283 3312 sin
328 3256 503 3323 enim,
544 3258 805 3314 nativam
851 3257 1011 3314 illam
1045 3277 1378 3333 veramque,
1411 3258 1556 3314 nihil
1602 3277 1728 3315 esse
1773 3258 1950 3324 aliud,

196 3370 371 3425 quam
430 3353 706 3409 intimum
760 3353 1042 3428 cujusque
1093 3355 1374 3422 animum,
1428 3362 1837 3430 erumpentem
1891 3356 1950 3410 in

198 3449 377 3505 verba
426 3467 494 3505 ac
552 3468 827 3507 numeros
851 3454 1116 3525 ;)—-cum
1176 3452 1432 3526 primum
1490 3452 1638 3519 haee,
1691 3452 1951 3525 inquam,
