2288 4036
338 178 448 233 650
752 182 836 234 De
860 199 1060 234 summa
1087 181 1337 234 carminis
1363 182 1670 236 Lucretiam
1693 206 1709 236 .·
1787 203 1946 237 PRAEL.
1970 204 2138 239 xxxn.

425 331 746 408 PrincipiO,
802 330 899 388 cui
952 349 1075 387 non
1127 331 1336 388 statim
1392 337 1683 400 occurrat,
1736 331 2142 391 obscuriorem

337 450 469 489 esse
519 430 864 488 universam
919 428 1075 487 hanc
1130 429 1205 487 de
1257 448 1460 487 rerum
1516 436 1734 489 natura
1786 431 2031 511 θεωρίαν,
2079 440 2143 490 et

339 530 690 589 alieniorem
737 530 814 587 ab
860 529 1024 586 omni
1066 529 1307 606 poetico
1353 548 1547 598 sensn,
1590 549 1730 588 cum
1775 529 1926 587 nihil
1970 531 2034 587 in
2079 549 2142 589 se

335 630 560 689 habere
592 628 872 686 videatur
902 647 1112 686 eorum
1144 648 1277 705 quae
1313 634 1504 707 agunt
1533 627 1829 699 homines,
1859 648 2142 708 magnam

336 749 478 788 vero
524 735 755 807 partem
813 729 874 785 in
929 747 1002 786 eo
1044 734 1332 797 versetur,
1382 736 1452 786 ut
1499 735 1737 786 mentes
1789 737 2020 787 nostras
2066 730 2143 788 ab

334 829 572 886 aurium
632 827 1068 904 oculorumque
1117 827 1373 904 judicio,
1426 834 1611 904 atque
1671 827 1747 885 ab
1807 830 1972 885 omni
2031 827 2144 886 hac

335 947 538 986 rerum
584 934 841 986 externa
885 928 1085 1004 specie
1133 933 1396 996 revocet,
1430 933 1494 985 et
1535 927 1598 984 in
1644 927 1828 985 exilia
1869 927 2142 1003 quaedam

333 1027 728 1105 philosophiae
760 1028 954 1105 spatia
984 1026 1342 1086 convertat?
1419 1026 1629 1087 Verbo
1662 1027 1897 1085 dicam:
1944 1026 2145 1085 omnia

334 1126 610 1204 profecto
655 1146 843 1204 ponas
890 1127 1036 1185 licet
1076 1127 1140 1184 in
1175 1126 1291 1185 hoc
1333 1133 1711 1205 argumentO,
1742 1146 1874 1203 quae
1905 1127 2023 1185 dici
2054 1145 2146 1185 so-

334 1225 484 1295 lent,
519 1227 757 1303 quoties
790 1226 1137 1304 disputatur
1167 1226 1242 1284 de
1278 1226 1729 1284 mathematicis
1764 1225 2146 1304 physicisque

334 1326 534 1395 rebUS,
569 1328 765 1404 deque
810 1325 1180 1404 implacabili
1222 1326 1330 1400 (sic
1376 1326 1540 1384 enim
1581 1325 1938 1403 loquuntur)
1972 1326 2147 1384 disci-

335 1426 455 1495 dio,
502 1446 622 1503 quo
671 1445 864 1505 genus
916 1425 1070 1483 illud
1119 1445 1300 1484 omne
1352 1446 1388 1485 a
1433 1424 1763 1484 Poetarum
1816 1425 2031 1484 studiis
2082 1433 2146 1484 et

334 1527 670 1585 rationibus
703 1533 1033 1604 separatur.

425 1625 651 1703 Neque
681 1645 824 1683 vero
869 1625 933 1682 in
980 1624 1132 1682 illud
1174 1623 1440 1702 effugere
1480 1623 1706 1693 licebit,
1746 1631 1817 1682 ut
1858 1624 2143 1693 dicamus

333 1724 603 1783 indolem
643 1726 941 1802 propriam
980 1724 1188 1783 Poetae
1218 1744 1342 1782 non
1372 1724 1528 1783 bene
1561 1744 1701 1782 cum
1732 1724 1986 1784 materie
2021 1744 2148 1782 car-

334 1825 514 1883 minis
546 1825 904 1894 convenire3
950 1824 1157 1901 itaque
1189 1824 1550 1883 diverticula
1591 1825 1794 1883 omnia
1838 1832 1900 1883 et
1946 1825 2147 1883 exitus

332 1922 409 1980 ab
461 1943 533 1981 eo
581 1923 799 2000 cupide
845 1923 1046 2000 arripi,
1091 1923 1139 1981 si
1181 1942 1300 1999 qua
1351 1923 1538 2000 possit
1586 1923 1922 1981 identidem
1970 1921 2145 1990 elabi,

334 2042 517 2100 seque
563 2023 626 2080 in
668 2022 802 2081 loca
848 2023 1188 2081 desiderata
1235 2023 1543 2081 conferre:
1594 2024 1751 2082 sicut
1788 2022 1852 2080 in
1889 2022 2147 2081 AEneide

334 2142 442 2182 sua
495 2123 642 2181 fecit
692 2121 991 2201 Virgilius
1042 2130 1113 2180 ut
1164 2123 1326 2180 inter
1383 2122 1546 2181 bella
1596 2129 1661 2181 et
1718 2122 1992 2181 heroicos
2052 2129 2148 2180 tu-

333 2221 566 2279 multus
625 2221 814 2279 tacita
873 2221 1136 2298 quadam
1195 2222 1349 2279 ruris
1407 2223 1702 2281 memoria
1760 2241 1824 2280 se
1885 2220 2149 2279 delecta-

334 2325 446 2376 ret.
539 2316 927 2394 Hujusmodi,
974 2319 1190 2395 inquit,
1238 2318 1531 2398 effugium
1575 2339 1786 2397 parare
1830 2339 1952 2376 non
2005 2319 2148 2377 sinit

333 2437 444 2476 nos
500 2417 770 2476 Lucretii
833 2436 1012 2475 causa
1038 2435 1074 2476 :v
1129 2419 1353 2496 quippe
1413 2419 1516 2495 qui
1578 2418 1901 2477 formulam
1960 2416 2147 2476 semel

335 2524 713 2595 conceptam,
761 2517 946 2594 siquis
992 2517 1162 2587 alius,
1211 2537 1287 2576 ex
1334 2519 1520 2577 animi
1569 2518 1872 2577 sententia
1919 2524 2146 2586 tenere,

334 2618 656 2685 inculcare,
695 2635 918 2695 augere
961 2617 1188 2688 soleat3
1234 2638 1434 2696 neque
1476 2638 1744 2695 unquam
1788 2617 1915 2676 ulla
1954 2636 2019 2674 re
2063 2617 2149 2675 fa-

336 2717 452 2776 cile
499 2717 767 2795 patiatur
814 2737 850 2774 a
897 2736 1005 2774 sua
1049 2716 1430 2795 philosophia
1478 2718 1705 2775 diutius
1751 2736 1814 2775 se
1857 2716 2145 2775 distineri.

332 2816 538 2875 ‘Immo
576 2817 763 2875 etiam
796 2815 942 2893 (qua
970 2835 1036 2874 re
1066 2817 1319 2875 mirifice
1352 2837 1494 2876 eum
1539 2837 1575 2876 a
1606 2816 1869 2896 Virgilio
1906 2815 2147 2874 differre

337 2916 622 2994 dixerim)
646 2916 815 2975 nullo
841 2917 1003 2993 quod
1035 2917 1219 2975 sciam
1251 2924 1542 2995 tempore,
1575 2936 1653 2975 ne
1684 2917 1869 2975 animi
1901 2916 2148 2993 quidem

337 3034 535 3085 causa,
556 3005 830 3093 praebere
855 3017 1097 3075 videtur
1120 3017 1624 3095 significationem
1649 3016 1838 3074 ullam
1862 3015 2145 3074 ludentis,

335 3112 509 3172 Velis
556 3116 863 3192 equisque,
907 3123 978 3173 ut
1022 3116 1214 3184 aiunt,
1259 3117 1462 3174 renuit
1509 3115 1855 3194 refugitque
1903 3133 2147 3172 omnem

339 3214 587 3272 omnino
618 3214 904 3294 εἰρωνείαν.
989 3215 1325 3293 Nunquam
1357 3216 1563 3274 videas
1593 3214 1802 3273 ludere
1834 3233 1975 3271 eum
2007 3232 2146 3271 cum

337 3313 673 3373 simulacris
704 3321 768 3372 et
798 3315 1168 3393 corpusculis
1199 3317 1338 3387 suis,
1365 3315 1535 3374 velut
1566 3334 1707 3373 cum
1736 3313 1950 3391 apibus
1980 3332 2148 3371 cum-

337 3432 458 3490 que
489 3414 777 3472 armentis
809 3413 1161 3493 Virgilium.
1238 3415 1438 3474 Immo
1469 3415 1533 3472 in
1564 3414 1658 3472 his
1688 3412 1868 3471 rebus
1899 3412 2148 3470 severis-

337 3513 559 3571 simum
599 3512 825 3590 ubique
862 3514 989 3591 agit
1025 3518 1419 3593 magistrum;
1467 3513 1636 3591 quasi
1667 3513 1770 3589 qui
1811 3510 1988 3589 plane
2030 3510 2146 3587 sig-

338 3612 563 3681 nificet,
597 3632 718 3671 non
761 3612 937 3671 facile
974 3632 1036 3672 se
1078 3614 1362 3684 laturum,
1402 3614 1449 3673 si
1484 3614 1616 3690 quis
1658 3610 2027 3670 ludibundus
2068 3609 2144 3667 ad
