2288 4036
266 176 376 230 730
435 174 660 246 Vir-filio
684 192 786 227 non
812 174 993 227 desunt
1005 174 1238 245 picturae
1263 175 1392 227 sat-is
1406 175 1677 245 perfectae.
1707 193 2070 227 Pamnxxxvr.

512 317 710 361 Miratur
730 332 894 361 nemus
916 317 1166 369 insuetum,
1187 316 1411 374 fulgentia
1430 318 1567 375 longe

512 390 654 436 Scuta
674 391 842 444 virum,
860 390 1000 435 fluvio
1022 390 1258 450 pictasque
1278 391 1436 435 innare
1459 391 1649 436 carinas.

512 466 606 510 Olli
626 466 818 524 remigio
839 472 1113 524 noctemque
1136 464 1346 525 diemque
1367 465 1576 524 fatigant,

509 539 570 583 Et
590 540 755 598 longos
779 546 997 598 superant
1017 539 1178 592 fleXUS,
1201 540 1428 599 variisque
1448 546 1669 599 teguntur

429 665 432 667 .
504 612 777 666 Arboribus,
799 612 1057 672 viridesque
1079 619 1233 658 secant
1254 612 1433 671 placido
1454 628 1636 673 aequore
1657 615 1821 673 sylvas.

354 711 696 781 Videtisne,
728 732 847 770 non
882 713 1102 770 cursim
1135 713 1318 771 modo
1349 713 1517 790 tangi
1548 713 1761 772 aestiva
1790 710 1894 769 illa
1921 730 2067 788 gau-

265 811 379 878 dia,
412 811 517 868 sed
558 811 847 869 inhaerere
891 812 955 868 in
991 811 1063 869 iis
1096 810 1372 880 Poetam,
1402 831 1516 869 nec
1559 810 1735 869 facile
1779 811 1843 867 in
1879 809 2070 867 aciem

264 917 328 967 et
359 909 421 966 in
452 909 891 986 rempublicam
926 909 1235 968 revocari?

354 1008 517 1066 Illud
561 1009 746 1066 etiam
786 1008 1081 1067 eximium
1125 1008 1353 1067 habent
1385 1028 1457 1067 ea
1487 1008 1770 1077 carmina,
1801 1007 1961 1085 quod
2008 1013 2071 1063 et

264 1107 500 1186 singula
530 1107 937 1185 pulcherrima
968 1114 1128 1177 sunt,
1161 1114 1225 1166 et
1261 1107 1668 1185 pulcherrime
1699 1107 2071 1165 conveniunt

263 1208 324 1264 in
356 1226 536 1264 unam
573 1205 740 1283 quasi
777 1206 1096 1282 picturam.
1177 1205 1498 1264 Falluntur
1526 1206 1749 1283 itaque,
1771 1205 1874 1282 qui
1907 1212 2072 1263 vete-

261 1307 426 1364 ribus
464 1326 597 1364 eam
625 1305 885 1366 ,laudem
931 1306 1255 1384 denegant.
1345 1304 1547 1364 Immo
1587 1325 1665 1363 ne
1705 1304 1942 1383 longius
1974 1324 2072 1362 ea-

265 1425 418 1475 nmS‚
450 1407 580 1483 ipso
625 1405 839 1463 harum
891 1404 1244 1464 Latinarum
1292 1424 1494 1463 rerum
1542 1405 1790 1463 exordio
1835 1404 2068 1482 insigne

261 1505 523 1564 habetur
553 1505 682 1581 ejus
713 1503 1065 1581 exemplum
1086 1512 1125 1563 Γ.

503 1614 578 1659 Tu
599 1628 781 1673 quoque
801 1613 1033 1659 littoribus
1054 1614 1240 1668 nostris,
1262 1613 1429 1659 AEneia
1449 1614 1620 1667 nutrix,

503 1688 745 1733 AEternam
765 1687 966 1732 moriens
987 1687 1172 1742 famam,
1199 1687 1367 1742 Caieta,
1393 1686 1585 1733 dedisti:

504 1761 564 1806 Et
585 1776 710 1806 nunc
733 1768 882 1806 servat
902 1761 1051 1806 honos
1074 1761 1229 1807 sedem
1250 1768 1375 1815 tuus,
1398 1776 1592 1822 ossaque
1613 1776 1782 1806 nomen

505 1835 729 1894 Hesperia
749 1835 799 1880 in
819 1850 1002 1895 magna,
1027 1836 1157 1896 siqua
1178 1842 1246 1881 est
1267 1851 1319 1880 ea
1339 1836 1498 1895 gloria,
1523 1835 1721 1895 signant.

502 1909 565 1954 At
586 1909 690 1968 pius
712 1909 938 1970 exsequiis
961 1910 1135 1955 AEneas
1158 1910 1242 1955 rite
1264 1910 1441 1963 solutiS,
1655 1900 1658 1902 Δ

502 1983 685 2042 Aggere
707 1983 961 2042 composito
981 1984 1165 2037 tumuli,
1186 1990 1432 2044 postquam
1453 1984 1543 2028 alta
1562 1983 1777 2044 quierunt

503 2057 727 2117 AEquora,
744 2057 891 2102 tendit
912 2058 997 2103 iter
1017 2058 1144 2112 velis,
1166 2065 1441 2118 portumque
1462 2058 1692 2118 relinquit.

502 2132 723 2191 Aspirant
745 2147 869 2177 aurae
890 2132 939 2176 in
960 2139 1170 2178 noctem:
1204 2147 1288 2177 nec
1312 2132 1506 2177 candida
1527 2148 1715 2178 cursum

502 2207 635 2252 Luna
656 2214 819 2267 negat:
856 2206 1063 2266 splendet
1083 2209 1280 2252 tremulo
1303 2207 1390 2253 sub
1413 2208 1586 2253 lumine
1606 2214 1793 2267 pontus

502 2281 719 2327 Proxima
741 2282 928 2327 Circaeae
950 2282 1176 2327 raduntur
1196 2283 1351 2327 littora
1370 2289 1517 2337 terrae,

504 2355 636 2401 Divis
657 2356 914 2401 inaccessos
936 2356 1018 2401 ubi
1041 2356 1160 2401 Solis
1182 2356 1274 2401 filia
1293 2356 1437 2416 lucos:

499 2429 704 2475 Assiduo
725 2437 908 2476 resonat
930 2438 1083 2485 cantu,
1106 2431 1327 2491 tectisque
1351 2431 1558 2489 superbis

501 2505 609 2550 Urit
630 2505 868 2551 odoratam
890 2513 1117 2551 nocturna
1137 2506 1187 2550 in
1207 2506 1383 2551 lumina
1406 2505 1610 2559 cedrum,

500 2577 682 2636 Arguto
702 2584 863 2623 tenues
885 2594 1153 2637 percurrens
1175 2580 1353 2639 pectine
1374 2581 1502 2625 telas.

344 2673 663 2745 Quaenam,
697 2675 963 2745 obsecr0‚
996 2696 1133 2754 pars
1161 2676 1305 2735 hinc
1337 2677 1509 2736 abest
1541 2677 1906 2736 suavissimae
1936 2697 2068 2756 per-

258 2774 721 2852 fectissimaeque
751 2775 1043 2853 picturae?
1113 2775 1209 2834 En
1240 2776 1526 2835 funereus
1555 2775 1765 2854 procul
1795 2776 1857 2834 in
1889 2775 2066 2834 litore

258 2873 569 2932 tumulus!
640 2894 717 2933 en
776 2876 1017 2954 navigia
1075 2875 1278 2935 delata
1347 2883 1645 2935 nocturno
1710 2874 2068 2953 placidoque

256 2971 443 3029 mari!
498 2992 574 3031 en
603 2973 988 3051 plenissimus
1022 2974 1215 3033 Lunae
1248 2975 1439 3034 orbis!
1506 2975 1609 3033 Ex
1639 2974 1830 3033 altera
1857 2981 2066 3034 autem

256 3079 429 3147 parte
469 3080 777 3151 praerupta
817 3093 979 3141 saxa,
1024 3094 1238 3133 nemus
1277 3076 1532 3144 invium,
1570 3075 1868 3133 fumantia
1908 3074 2064 3133 villae

257 3169 540 3229 culmina.
611 3171 710 3231 Ac
741 3173 944 3232 nescio
976 3193 1052 3232 an
1082 3174 1147 3232 hi
1180 3175 1300 3233 duo
1332 3174 1469 3233 libri
1502 3175 1831 3233 crebriores
1859 3173 2065 3251 paullo

255 3267 521 3328 habeant
553 3271 850 3348 ejusmodi
895 3273 1227 3353 imagines:
1274 3274 1443 3351 quasi
1474 3292 1662 3351 prope
1695 3274 1826 3350 jam
1857 3273 2065 3331 adesse

256 3366 478 3425 sentiat
532 3367 806 3447 Scriptor
865 3371 1057 3429 aciem
1113 3378 1177 3430 et
1230 3391 1397 3431 arma
1448 3380 1511 3431 et
1571 3371 1859 3432 molestos
1918 3371 2066 3430 belli

255 3466 561 3542 strepitus,
609 3487 802 3545 eoque
843 3467 1132 3529 libentius
1156 3478 1592 3529 commoretur
1636 3471 1698 3529 in
1738 3469 2063 3548 tranquillo

1010 3628 1030 3651 Υ
1051 3621 1167 3666 AEn.
1194 3633 1235 3680 7.
1264 3637 1302 3667 1.

2259 3517 2288 3918 *vm-*⁴ae·
