2288 4036
216 290 370 324 PRAEL.
389 289 555 322 xxxu.
626 270 802 339 Ipsius
827 269 888 321 de
911 287 1007 321 sua
1034 269 1360 337 Philosophia
1383 271 1730 324 testimonium.
1859 274 1967 332 659

216 414 368 480 ferri,
399 413 555 488 quod
585 412 646 469 in
674 411 803 478 hoc,
835 412 993 486 quod
1024 411 1298 480 diximus
1328 429 1547 489 genere
1585 415 1873 472 immenso
1903 423 1966 472 et

213 509 442 566 infinito
494 514 760 564 versetur
806 507 1178 582 potissimum
1237 509 1363 583 ejus
1415 509 1520 565 viri
1579 508 1962 586 philosophia.

213 604 371 661 Hinc
401 603 578 660 toties
607 603 928 678 repetitum
959 601 1106 659 illud
1126 598 1158 668 ¹,

446 723 568 781 Ergo
586 721 735 767 vivida
753 722 821 766 vis
843 722 979 765 animi
999 723 1195 779 pervicit,
1217 738 1271 767 ex
1292 730 1414 767 extra

443 794 662 838 Processit
681 794 813 851 longe
833 794 1105 838 flammantia
1123 794 1289 838 moenia
1309 789 1489 846 Mundi,

439 866 589 923 Atque
609 879 740 909 omne
760 866 1033 910 immensum
1053 866 1302 923 peragravit
1321 873 1470 910 mente
1490 867 1740 926 animoque.

209 974 407 1042 Porr0,
446 993 574 1049 quae
617 976 875 1032 maxime
921 995 1012 1033 res
1057 978 1338 1053 magistro
1384 976 1543 1035 laudi
1589 978 1789 1046 fuerit,
1821 998 1958 1036 ean-

207 1070 341 1126 dem
372 1071 545 1127 docet
575 1071 873 1146 discipulis
903 1072 1027 1129 fore
1059 1071 1272 1129 solatio
1294 1082 1354 1129 ¹1¹.

439 1190 696 1249 Diffugiunt
717 1192 855 1235 animi
874 1200 1090 1245 terrores,
1122 1194 1288 1237 moenia
1306 1194 1467 1238 mundi

438 1261 702 1314 Dissiliunt3
734 1270 882 1307 totum
902 1264 1030 1308 video
1051 1280 1130 1322 per
1152 1264 1291 1309 Inane
1311 1267 1406 1324 geri
1427 1282 1512 1311 res.

435 1335 631 1392 Apparet
653 1335 822 1380 Divum
842 1350 1024 1389 numen,
1047 1336 1261 1395 sedesque
1282 1338 1456 1396 quietae,

438 1406 563 1453 Quas
585 1421 728 1465 neque
749 1408 1010 1452 concutiunt
1030 1409 1166 1460 venti,
1188 1424 1338 1467 neque*
1352 1408 1509 1454 nubila
1530 1409 1696 1455 nimbis

434 1478 738 1537 Adspergunt,
761 1495 904 1539 neque
923 1481 1002 1524 nix
1022 1482 1112 1525 acri
1133 1488 1338 1525 concreta
1357 1483 1521 1539 pruina

439 1549 562 1594 Cana
582 1551 743 1595 cadens
764 1553 912 1605 violat,
933 1567 1194 1612 semperque
1214 1553 1445 1599 innubilus
1467 1554 1606 1599 aether

439 1622 617 1681 Integit‚
639 1631 682 1668 et
701 1625 822 1683 large
843 1625 1008 1670 diffuso
1027 1626 1197 1670 lumine
1217 1624 1342 1669 ridet.

203 1738 435 1796 Deinde
485 1740 832 1816 gratulatur,
883 1741 1034 1798 duce
1084 1760 1156 1799 eo
1203 1749 1384 1817 atque
1436 1743 1763 1811 inventore,
1805 1744 1958 1801 viam

203 1842 405 1910 patere
450 1855 570 1892 non
617 1836 679 1892 in
726 1836 960 1893 excelsa
1003 1837 1212 1905 solum,
1250 1857 1454 1895 verum
1499 1840 1679 1896 etiam
1723 1839 1784 1895 in
1828 1859 1960 1915 pro-

202 1931 386 1988 funda
415 1941 477 1989 et
506 1933 722 1990 abdita.

436 2053 532 2097 Nec
551 2053 702 2097 Tellus
724 2053 885 2106 obstat,
908 2053 1016 2113 quin
1037 2054 1187 2099 omnia
1209 2055 1500 2113 dispiciantur

436 2123 531 2168 Sub
552 2124 741 2181 pedibus
764 2140 1041 2184 quaecunque
1061 2126 1176 2170 infra
1195 2141 1274 2183 per
1293 2127 1424 2170 inane
1445 2135 1676 2185 geruntur.

435 2195 521 2239 His
541 2196 622 2240 tibi
642 2209 714 2240 me
734 2197 867 2241 rebus
889 2197 1094 2256 quaedam
1116 2197 1265 2243 divina
1284 2200 1488 2257 voluptas

433 2269 638 2327 Percipit‚
660 2277 791 2328 atque
810 2271 985 2323 horror,
1009 2271 1130 2330 quod
1151 2272 1213 2316 sic
1235 2272 1410 2317 Natura
1428 2280 1507 2317 tua
1526 2273 1571 2317 vi

432 2341 544 2386 Tam
562 2343 796 2387 manifesta
815 2351 934 2400 patet
954 2357 1007 2387 ex
1029 2344 1152 2388 omni
1172 2351 1294 2401 parte
1314 2351 1492 2388 retecta.

284 2460 552 2531 Habetis,
584 2463 948 2532 Academici,
981 2466 1183 2524 Poetae
1225 2468 1405 2543 ipsius
1437 2468 1723 2526 disertum
1769 2489 1952 2547 prope

199 2558 272 2615 de
316 2578 376 2616 se
418 2561 653 2634 suisque
692 2562 1047 2619 carminibus
1091 2563 1516 2620 testimonium.
1604 2564 1789 2623 Plana
1823 2567 1950 2642 jam

197 2673 288 2712 res
318 2664 423 2712 est.
512 2654 846 2713 Addixerat
890 2676 952 2714 se
987 2658 1244 2733 Epicuro
1287 2679 1407 2716 non
1449 2660 1625 2718 aliam
1656 2664 1843 2739 magis
1873 2664 1949 2720 ob

197 2765 447 2816 causam,
496 2768 673 2824 quam
725 2751 883 2825 quod
934 2753 1089 2827 apud
1148 2753 1304 2811 illius
1356 2754 1638 2812 familiam
1686 2760 1950 2835 egregias

197 2843 305 2900 sibi
350 2845 506 2901 visus
549 2853 639 2901 est
685 2847 939 2921 reperire
984 2848 1314 2925 φαντασίας,
1360 2869 1608 2925 quarum
1655 2872 1766 2928 ope
1813 2874 1950 2911 con-

197 2940 466 3016 templari
507 2949 703 3016 posset
738 2943 1028 3000 infinitam
1070 2944 1233 3002 illam
1264 2965 1591 3022 vagamque
1630 2951 1945 3025 regionem,

196 3035 482 3094 immensa
524 3057 591 3095 ac
636 3038 831 3096 lucida
874 3042 1076 3115 spatia,
1113 3042 1518 3100 incredibilem
1563 3045 1946 3105 celeritatem.

199 3130 421 3189 Merito
451 3134 651 3209 itaque
675 3135 787 3191 Ille
818 3137 1186 3211 reponendus
1217 3146 1307 3195 est
1336 3141 1397 3196 in
1425 3158 1672 3198 numero
1694 3142 1946 3204 Naturae

196 3230 536 3296 amanti-um,
567 3250 743 3305 quem
789 3233 861 3288 ad
907 3232 1335 3308 philosophiam
1381 3237 1766 3295 excolendam
1812 3259 1948 3297 evo-

197 3325 383 3380 carint
413 3342 482 3381 ea
511 3328 847 3400 praesertim,
878 3348 1006 3401 quae
1037 3331 1372 3388 communia
1403 3334 1753 3390 videbantur
1788 3336 1945 3394 illius

197 3418 582 3495 philosophiae
611 3441 748 3478 cum
779 3431 1027 3480 externa
1054 3424 1164 3483 hac
1193 3434 1478 3484 terrarum
1511 3438 1572 3486 et
1603 3429 1724 3486 caeli
1751 3430 1913 3489 facie.

394 3617 406 3647 ¹
431 3618 559 3662 Lucr.
589 3633 625 3662 1.
651 3631 719 3677 73.
1569 3634 1607 3657 ¹¹¹
1628 3641 1669 3684 3.
1699 3626 1763 3671 16.

1002 3701 1041 3739 U
1078 3704 1114 3739 u
1150 3690 1184 3738 2
