2288 4036
319 187 430 243 654
679 188 926 243 AEtheris
953 188 1102 260 apud
1123 190 1429 243 Lucretium
1456 190 1633 267 laudes
1652 213 1668 243 .-
1774 211 2122 248 PRAEL.XXX11.

317 334 599 394 tribuerit
637 334 928 403 sensibUS,
959 335 1279 394 accessisse
1319 343 1527 395 tamen
1568 338 1812 415 propius
1856 341 2126 417 putanda

317 441 410 494 est
454 435 531 494 ad
577 434 780 493 studia
822 441 887 492 et
930 433 1199 492 indolem
1246 434 1601 505 Poetarum,
1640 457 1822 513 quam
1861 458 1948 508 ea,
1986 460 2123 516 quae

315 542 512 593 totam
556 533 749 592 ferme
794 551 857 592 se
892 533 1105 611 jejuna
1134 534 1395 611 quadam
1434 535 1772 595 subtilitate
1802 538 2123 597 verborum

314 633 633 711 implicuit.
726 632 1145 711 Physicorum,
1175 640 1248 692 ut
1286 653 1409 692 uno
1441 634 1626 693 verbo
1657 635 1874 704 dicam,
1906 638 2126 695 arctior

313 733 513 791 multo
555 739 686 791 erat
730 734 1113 792 necessitudo
1152 753 1293 792 cum
1338 733 1555 804 Musis,
1601 755 1781 812 quam
1829 734 2124 795 Dialecti-

311 852 543 891 corum.

402 932 527 991 Sed
563 938 939 990 revertamur
969 931 1047 990 ad
1080 930 1454 1001 Lucretium,
1488 940 1672 1011 atque
1701 934 1763 992 in
1796 936 1924 1013 ejus
1954 936 2126 994 indo-

314 1030 386 1089 lis
432 1031 738 1108 specimen
776 1051 971 1109 pauca
1003 1033 1134 1108 jam
1177 1032 1548 1092 adducamus
1593 1033 1726 1103 alia,
1760 1036 1979 1111 quibus
2019 1035 2124 1094 ille

312 1130 521 1190 laudes
559 1132 816 1190 canebat
855 1130 1079 1190 infiniti
1120 1138 1305 1209 atque
1343 1132 1529 1192 lucidi
1560 1130 1873 1204 AEtheris3
1918 1142 1989 1193 ut
2020 1137 2123 1212 qui

311 1230 564 1289 mirifice
606 1230 1013 1289 delectaretur
1055 1231 1273 1308 partim
1321 1251 1474 1309 puro
1515 1232 1644 1309 ejus
1681 1235 1958 1303 candore,
1992 1253 2126 1311 par-

312 1330 426 1387 tim
478 1330 775 1388 immenso
824 1330 953 1388 sine
1005 1349 1176 1389 mora
1227 1338 1291 1388 et
1342 1330 1539 1388 limite
1592 1332 1806 1408 spatio,
1907 1332 2124 1409 Itaque

312 1428 520 1487 audite
563 1429 627 1486 in
667 1430 883 1507 quinto
935 1429 1088 1487 libro
1136 1430 1395 1509 origines
1440 1431 1587 1507 ejuS,
1641 1432 1809 1507 quasi
1859 1431 2123 1490 carmine

310 1528 632 1598 matutin0‚
664 1536 1012 1587 narrantem
1031 1524 1076 1587 d.

980 1630 1067 1675 Per
1089 1646 1190 1676 rara
1210 1631 1435 1677 foramina
1456 1638 1590 1677 terrae

552 1704 765 1750 Partibus
788 1718 1033 1762 erumpens
1055 1703 1231 1762 primus
1256 1718 1305 1748 se
1331 1704 1518 1749 sustulit
1540 1703 1708 1749 AEther

556 1778 772 1838 Signifer,
795 1784 839 1823 et
860 1778 1032 1823 multos
1056 1792 1212 1822 secum
1233 1777 1345 1824 levis
1368 1778 1557 1823 abstulit
1577 1777 1734 1838 ignes:

555 1853 666 1898 Non
688 1852 775 1897 alia
793 1853 932 1910 longe
952 1852 1141 1905 ratione,
1166 1867 1217 1897 ac
1240 1867 1360 1910 saepe
1381 1852 1606 1905 videmus,

553 1926 708 1971 Aurea
728 1941 835 1970 cum
854 1925 1055 1984 primum
1078 1935 1364 1984 gemmantes
1387 1942 1488 1971 rore
1508 1941 1589 1985 per
1609 1926 1773 1971 herbas

555 2000 788 2045 Matutina
807 2000 975 2045 rubent
996 2000 1158 2045 radiati
1177 2001 1354 2046 lumina
1378 2000 1511 2055 Solis,

555 2074 874 2134 Exhalantque
894 2075 1021 2119 lacus
1043 2074 1273 2128 nebulam,
1296 2075 1514 2134 fluviique
1534 2089 1784 2133 perennes;

555 2149 663 2208 Ipsa
684 2164 866 2209 quoque
886 2148 1121 2193 interdum
1140 2149 1296 2194 Tellus
1320 2149 1495 2194 fumare
1516 2148 1723 2194 videtur:

555 2224 726 2270 Omnia
747 2239 851 2284 quae
873 2239 1060 2269 sursum
1082 2239 1190 2269 cum
1212 2224 1512 2269 conciliantur
1533 2225 1582 2269 in
1604 2225 1711 2278 alto,

556 2298 758 2357 Corpore
779 2304 990 2343 concreto
1013 2297 1264 2343 subtexunt
1285 2298 1444 2343 nubila
1465 2299 1644 2343 caelum.

557 2371 632 2417 Sic
652 2373 792 2431 igitur
812 2379 914 2417 tum
936 2387 983 2417 se
1003 2372 1114 2418 levis
1137 2387 1188 2417 ac
1211 2371 1423 2417 diffusilis
1446 2371 1612 2417 AEther

555 2447 758 2506 Corpore
779 2454 991 2492 concreto
1012 2446 1324 2493 circumdatus
1346 2446 1551 2506 undique
1574 2447 1728 2505 sepsit,

553 2523 615 2567 Et
634 2524 723 2567 late
747 2522 944 2567 diffusus
966 2522 1015 2566 in
1036 2537 1195 2567 omnes
1218 2521 1423 2581 undique
1446 2528 1614 2580 partes,

555 2596 726 2642 Omnia
747 2597 812 2642 sic
833 2596 966 2642 avido
989 2597 1231 2655 complexu
1252 2603 1414 2641 caetera
1436 2595 1591 2654 sepsit.

312 2687 464 2748 Haec
507 2690 701 2767 ipsam
733 2689 1180 2766 quodammodo
1216 2686 1490 2745 redolere
1522 2687 1748 2745 dixeris
1777 2685 2117 2745 Auroram:

311 2788 530 2846 deinde
567 2794 704 2865 post
748 2786 953 2865 paullo
985 2786 1206 2845 summi
1239 2786 1367 2863 ejus
1400 2784 1582 2845 Orbis
1612 2786 2120 2864 tranquillitatem

309 2887 664 2946 mollissimo
695 2886 801 2945 illo
834 2887 1101 2945 carmine
1130 2885 1442 2962 praedicat.

553 2997 669 3043 Inde
688 3013 828 3051 mare,
850 2996 957 3042 inde
977 3011 1067 3050 aer,
1091 2995 1198 3040 inde
1219 2995 1386 3040 AEther
1406 2994 1572 3054 ignifer
1593 2995 1706 3053 ipse,

554 3072 838 3132 Corporibus
859 3071 1045 3131 liquidis
1069 3077 1178 3115 sunt
1199 3069 1354 3115 omnia
1374 3085 1490 3128 pura
1511 3069 1666 3114 relicta
1678 3087 1692 3122 ;

552 3145 613 3190 Et
634 3145 803 3191 leviora
823 3144 920 3189 aliis
942 3144 1042 3196 alia,
1066 3150 1110 3188 et
1129 3142 1463 3203 liquidissimus
1486 3141 1667 3194 AEther,

550 3220 704 3280 Atque
723 3220 982 3265 levissimus
1004 3219 1146 3264 a‘erias
1169 3234 1307 3277 super
1327 3218 1478 3262 influit
1500 3232 1661 3270 auras3

551 3293 650 3338 Nec
670 3292 898 3352 liquidum
920 3307 1085 3350 corpus
1107 3291 1403 3337 turbantibus
1425 3290 1541 3335 acris
1564 3290 1685 3335 auris

553 3365 858 3420 Commiscet3
893 3367 1002 3411 sinit
1022 3366 1121 3412 haec
1143 3366 1354 3412 violentis
1376 3365 1530 3410 omnia
1550 3363 1665 3410 verti

549 3440 861 3493 Turbinibus3
896 3441 1004 3485 sinit
1024 3440 1208 3485 incertis
1229 3439 1414 3484 turbare
1434 3438 1643 3497 procellis
1661 3455 1670 3482 :

553 3515 658 3573 Ipse
679 3530 788 3560 suos
809 3515 939 3574 ignes
961 3521 1083 3559 certo
1103 3514 1190 3559 fert
1210 3514 1377 3572 impete
1398 3512 1571 3557 labens.

1071 3634 1095 3664 d
1118 3634 1254 3678 Lucr.
1277 3644 1319 3690 5.
1344 3632 1448 3690 458.
