2288 4036
154 281 308 316 PRAEL.
327 278 456 312 xxx,
612 260 810 310 Graecos
835 276 893 309 ea
918 257 1275 327 quodammodo
1301 256 1537 307 caruisse.
1795 254 1901 307 613

154 403 376 460 rietatis
420 421 620 458 earum
671 419 863 457 rerum
910 417 1053 473 quas
1100 396 1284 454 oculis
1330 397 1721 470 undequaque
1765 411 1902 451 con-

153 500 443 575 spicimUS.

235 593 441 668 Atque
471 611 582 668 ego
611 591 722 648 hoc
754 598 1020 666 tempore
1051 591 1123 646 de
1154 590 1342 646 causis
1381 589 1624 644 minime
1663 587 1899 654 labor03

153 691 328 747 modo
364 688 732 745 considerent
762 685 940 741 velim
985 684 1270 753 homineS,
1309 702 1400 740 res
1442 684 1526 739 ita
1566 702 1627 739 se
1666 683 1899 750 habeat,

154 805 355 844 necne.
444 783 601 839 Illud
645 790 804 839 certe
849 780 1151 856 egregium
1199 779 1484 836 habemus
1535 779 1901 854 exemplum,

155 882 307 957 quod
341 901 373 937 e
404 887 603 936 vetere
633 878 860 936 Graecia
898 895 1091 943 nemo,
1123 876 1278 951 quod
1310 875 1510 943 sciam,
1543 875 1730 932 Poeta
1773 895 1904 951 pro-

155 978 278 1044 diit,
308 977 408 1051 qui
438 977 498 1032 in
532 974 784 1032 Naturae
816 972 1041 1030 deliciis
1070 972 1430 1047 praecipuam
1461 991 1700 1047 operam
1730 991 1904 1047 posu-

154 1073 265 1129 isse
290 1072 572 1127 videatur.
660 1068 800 1126 Uno
836 1067 1140 1142 alteroque
1180 1066 1398 1123 saeculo
1438 1067 1620 1125 serius
1650 1068 1814 1124 venit
1844 1069 1905 1124 in

154 1167 346 1225 lucem
391 1163 724 1231 PastoraliS,
772 1182 948 1237 quam
999 1169 1229 1228 vocant,
1286 1161 1562 1229 Poetica3
1615 1182 1743 1237 quae
1792 1164 1907 1238 pri-

145 1263 378 1320 mordia
419 1260 656 1335 quidem
704 1258 936 1325 Siciliae,
984 1257 1267 1315 Romanis
1317 1259 1682 1316 incrementa
1726 1260 1905 1317 debet

153 1359 517 1432 formamque
560 1355 926 1413 absolutam:
966 1355 1255 1428 siquidem
1286 1355 1346 1410 in
1377 1353 1480 1411 illo
1510 1374 1756 1411 numero
1785 1376 1905 1412 non

131 1454 306 1525 ,male
349 1459 593 1528 reponat
637 1451 846 1526 aliquis
881 1449 1120 1527 Virgilii
1152 1449 1459 1525 Georgica,
1492 1450 1805 1508 Musarum
1837 1471 1905 1509 ac

153 1549 357 1606 mundi
387 1547 641 1605 delicias.
1303 1545 1312 1550 “

237 1644 467 1702 Verum
494 1641 779 1720 intelligo,
806 1643 919 1701 hoc
950 1641 1080 1700 loco
1109 1662 1468 1721 magnopere
1497 1645 1666 1703 nobis
1696 1664 1906 1703 caven-

154 1742 292 1798 dum
346 1740 485 1807 fore,
537 1759 612 1796 ne
668 1740 730 1796 in
780 1746 1041 1796 nostram
1092 1747 1326 1796 nosmet
1383 1741 1493 1815 ipsi
1546 1743 1905 1798 sententiam

150 1835 384 1912 gravius
423 1835 643 1909 aliquid
674 1835 989 1892 admittere
1020 1835 1341 1893 videamur.
1431 1844 1462 1868 “
1483 1837 1641 1905 Quid
1672 1839 1831 1894 enim
1849 1838 1904 1895 2’‘

153 1933 310 1989 dicat
360 1931 604 2006 aliquis:
664 1939 696 1962 ‘⁶
721 1937 859 1987 tene
910 1938 1190 2005 tanquam
1250 1951 1326 1988 ex
1384 1934 1580 1989 edicto
1639 1952 1903 2010 negasse,

153 2028 478 2103 legitimam
525 2026 737 2083 Poesin
783 2044 910 2082 esse
954 2026 1155 2094 ullam,
1196 2028 1306 2084 nisi
1351 2047 1479 2102 quae
1523 2028 1698 2104 plena
1741 2030 1904 2103 quasi

153 2130 353 2180 mente
380 2123 662 2192 abundet,
693 2121 1046 2196 effluatque3
1093 2123 1305 2180 deinde
1349 2131 1472 2180 tam
1517 2124 1774 2199 amplam
1817 2126 1905 2182 illi

153 2219 263 2275 arti
298 2219 570 2275 tribuisse
614 2218 990 2293 provinciam,
1023 2225 1091 2275 ut
1121 2239 1239 2276 una
1268 2221 1451 2295 possit
1482 2222 1755 2279 omnibus
1786 2224 1905 2280 suf-

154 2315 326 2372 ficere
370 2322 431 2371 et
473 2314 732 2371 motibus
767 2315 1096 2371 animorum
1135 2323 1197 2372 et
1228 2317 1364 2374 vitae
1402 2318 1728 2387 coloribus3
1768 2339 1904 2376 cum

154 2411 309 2468 idem
357 2418 559 2467 tamen
601 2410 840 2478 fateare,
884 2411 1032 2467 ruris
1076 2412 1280 2486 reique
1331 2415 1576 2488 agrestis
1624 2434 1903 2488 amorem,

153 2512 382 2564 tantam
412 2512 640 2581 partem
668 2505 940 2561 humanae
983 2504 1213 2571 indolis,
1245 2524 1431 2580 usque
1461 2525 1531 2563 eo
1562 2508 1903 2584 neglectum

143 2602 414 2677 jacuisse,
451 2611 513 2658 et
557 2600 811 2657 caruisse
856 2600 974 2656 suis
1018 2599 1436 2668 laudatoribUS,
1468 2602 1628 2670 dum,
1664 2603 1903 2662 labente

154 2697 393 2754 tandem
413 2696 656 2762 Graecia,
679 2695 861 2752 Siculi
887 2695 1124 2770 quidam
1145 2695 1416 2753 Pastores
1439 2700 1697 2756 carmina
1718 2719 1904 2775 panx-

152 2793 344 2851 erint?
432 2792 599 2849 Num
644 2798 736 2847 tot
780 2791 1004 2848 saeculis
1043 2798 1390 2867 torpuerant
1424 2793 1709 2863 homines,
1740 2796 1904 2854 nulla

153 2907 343 2963 neque
375 2888 523 2944 veris
554 2887 865 2943 dulcedine
904 2906 1096 2961 neque
1139 2890 1410 2945 autumni
1454 2889 1738 2967 religione
1773 2912 1903 2969 per-

151 2984 338 3042 moti?
427 2983 613 3051 Num,
645 2989 713 3039 ut
742 2983 826 3039 ait
857 2981 1162 3049 HoratiuS,

554 3097 693 3142 Hunc
715 3098 868 3149 solem,
888 3103 931 3140 et
953 3097 1114 3149 stellas,
1137 3104 1179 3141 et
1200 3097 1455 3143 decedentia
1476 3100 1604 3144 certis

382 3170 603 3227 Tempora
619 3168 872 3220 momentis,

153 3272 378 3328 tamdiu
410 3281 423 3303 ⁶
441 3278 865 3347 spectaverant,
895 3271 1206 3329 formidine
1235 3272 1398 3330 nulla
1427 3273 1642 3331 imbuti
1665 3275 1703 3333 2⁹
1777 3275 1899 3334 Ne-

151 3367 297 3422 mini
333 3367 610 3424 credibile
649 3367 709 3423 id
739 3367 994 3441 quidem.
1085 3367 1296 3443 Itaque
1327 3369 1420 3426 vel
1461 3370 1671 3427 doceas
1703 3372 1896 3440 velim,

153 3463 419 3519 extitisse
470 3463 649 3519 etiam
701 3470 838 3520 ante
889 3462 1268 3520 Theocritum
1316 3467 1415 3540 qui
1468 3468 1725 3524 carmine
1775 3488 1896 3525 me-

151 3557 274 3614 deri
304 3559 603 3633 potuerint
633 3559 918 3616 desiderio
948 3558 1034 3615 illi
1065 3559 1357 3635 sylvarum
1393 3569 1570 3637 atque
1605 3565 1768 3630 ruris,
1802 3565 1894 3622 vel
