2288 4036
188 136 296 191 392
469 132 690 185 Orestem
704 129 957 200 pleraque
981 134 1037 179 ut
1066 123 1391 180 Sacerdotem
1411 140 1600 196 yerere.
1678 141 1838 176 PRAEL.
1862 142 1978 177 xx1.

189 279 421 339 Orestis
479 276 710 336 solenni
760 294 830 333 ac
881 272 1155 351 legitima
1203 289 1417 348 prece-t
1480 287 1623 328 nam
1677 269 1980 346 precantis

187 380 377 438 ferme
407 383 548 437 sunt
578 369 815 442 verbaf3

545 512 698 559 ἴδεσθε
717 512 863 571 χώρας
883 509 960 566 τὴν
981 508 1141 566 διπλῆν
1161 505 1409 566 τυραννίδα,

545 586 865 644 πατροκτόνους
885 602 932 627 τε
954 582 1163 640 δωμάτων
1182 579 1478 639 πορθητόρας.
1496 613 1507 626 .
1528 612 1539 625 .
1556 612 1568 632 s

545 659 697 705 ἴδεσθε
719 657 755 703 δ’
779 656 896 711 αὖτε,
919 653 1043 701 τῶνδ’
1068 653 1242 711 ἐπήκοοι
1268 658 1423 706 κακῶν,

546 733 597 777 τὸ
617 731 865 790 μηχάνημα,
887 729 1054 786 δεσμὸν
1075 726 1215 787 ἀθλίῳ
1236 725 1386 785 πατρί·

547 838 560 857 ,
577 839 589 851 .
609 839 620 850 .
638 838 648 850 .
666 803 947 863 στέγαστρον
968 802 1125 861 ἀνδρὸς
1147 799 1328 857 δείξαθ’,
1351 799 1409 846 ὧς
1428 797 1500 856 ἰ’δῃ
1522 799 1684 856 πατήρ,

546 878 630 935 οὐχ
651 875 797 935 οὕμός,
820 875 920 920 ἀλλ’
944 877 969 919 ὁ
990 873 1114 921 πάντ’
1138 872 1392 920 ἐποπτεύων
1412 872 1517 921 τάδε

535 947 714 1003 “Ηλιος,
736 948 900 1009 ἄναγνα
920 950 1084 1007 μητρὸς
1105 948 1214 1008 ἔργα
1235 949 1311 1005 τῆς
1333 947 1453 1005 ε’μῆς·

543 1024 602 1074 ὡς
621 1020 674 1068 ἂν
694 1026 811 1083 παρῇ
834 1042 909 1081 μοι
929 1023 1096 1081 μάρτυς
1117 1022 1163 1067 ε’ν
1185 1021 1280 1079 δίκῃ
1302 1020 1427 1074 ποτέ,

546 1098 604 1144 ὣς
623 1096 738 1143 τόνδ’
761 1097 848 1156 ἐγὼ
869 1096 1088 1155 μετῆλθον
1109 1095 1286 1143 ἐνδίκως
1305 1096 1459 1154 μόρον.

188 1223 338 1292 Quis
382 1241 505 1280 non
547 1221 731 1289 videt,
767 1240 897 1279 rem
942 1239 1186 1278 omnem
1232 1220 1308 1278 de
1352 1219 1648 1277 industria
1691 1219 1779 1277 ita
1822 1237 1988 1278 com-

187 1322 399 1398 parari,
444 1327 514 1378 ut,
564 1319 776 1378 infelix
824 1320 928 1378 ille
975 1319 1133 1378 filius
1178 1319 1459 1384 videatur
1509 1319 1837 1378 sacerdotis
1880 1338 1988 1395 po-

187 1421 308 1478 tius
339 1439 519 1496 quam
551 1418 842 1476 carnificis
872 1438 1092 1477 munus
1137 1425 1200 1475 et
1237 1417 1499 1476 officium
1542 1418 1828 1494 exsequi3
1873 1417 1989 1474 ita-

188 1538 305 1595 que
351 1525 414 1575 et
458 1518 678 1596 linguis
723 1524 786 1576 et
825 1517 1039 1575 animis
1084 1516 1173 1574 illi
1218 1517 1563 1586 favendum,
1594 1524 1812 1594 utpote
1851 1534 1990 1593 pro-

188 1617 423 1675 curanti
467 1616 843 1684 sacrificium,
877 1615 1167 1675 Numinis
1200 1616 1417 1693 jussu?
1488 1616 1651 1694 Ergo
1682 1615 1780 1674 vel
1811 1635 1990 1692 prop-

185 1722 282 1773 ter
327 1734 515 1772 unum
562 1713 715 1771 illud
769 1714 1110 1781 artificium,
1161 1715 1322 1790 quod
1374 1715 1451 1772 ad
1504 1712 1987 1792 Agamemnonis

184 1812 491 1871 tumulum
550 1832 678 1871 rem
738 1812 867 1890 geri
918 1813 1170 1881 curavit,
1220 1813 1564 1870 mirandum
1617 1813 1681 1869 in
1733 1813 1987 1870 modum

182 1913 487 1991 superavit
523 1911 842 1989 AEschylus
879 1919 943 1969 et
982 1910 1350 1988 Sophoclem
1381 1918 1445 1970 et
1478 1910 1855 1988 Euripidem,
1886 1928 1987 1970 eo-

186 2011 325 2068 dem
355 2011 418 2067 in
449 2016 808 2087 argumento
838 2015 977 2086 post
1008 2028 1071 2067 se
1102 2017 1387 2068 versatos.

272 2109 604 2188 Pergamus
648 2128 826 2184 porro
867 2109 1249 2166 dinumerare
1293 2128 1486 2185 pauca
1523 2109 1821 2184 quaedam,
1855 2127 1988 2184 quae

184 2210 298 2267 etsi
349 2228 456 2285 per
507 2227 571 2266 se
622 2208 943 2265 videantur
1001 2207 1276 2278 levicula,
1333 2227 1441 2266 sua
1492 2214 1701 2265 tamen
1754 2208 1813 2264 vi
1865 2227 1988 2265 non

184 2313 392 2366 carent
435 2308 499 2364 in
543 2325 765 2384 genere
805 2305 921 2364 hoc
958 2306 1238 2384 religioso
1268 2313 1453 2384 atque
1484 2326 1671 2364 sacro.
1762 2305 1991 2364 Exem-

182 2406 285 2483 plo
339 2407 417 2464 sit
465 2404 731 2472 OresteS‚
783 2411 1061 2462 veterum
1112 2405 1366 2463 heroum
1414 2425 1601 2474 more,
1649 2405 1990 2463 detondens

183 2505 378 2582 primo
420 2502 706 2581 capillum
739 2502 985 2573 Inacho,
1016 2505 1213 2581 patrio
1258 2504 1494 2562 flumini
1533 2524 1673 2563 cum
1717 2505 1818 2581 pia
1854 2503 1992 2561 dili..

182 2605 389 2681 gentia
418 2608 794 2671 reservatum
814 2610 842 2650 g
864 2621 877 2671 ;
1723 2589 1727 2592 ⁴

543 2741 774 2797 πλόκαμον
793 2739 950 2800 Ἰνάχῳ
973 2740 1253 2802 θρεπτήριον,

545 2813 623 2857 τὸν
645 2811 847 2871 δεύτερον
868 2813 916 2858 δὲ
938 2815 1065 2858 τόνδε
1086 2814 1388 2874 πενθητήριον·

180 2957 300 3014 quo
330 2936 498 3013 quasi
542 2937 883 3014 fragmento
928 2938 1347 3015 pulcherrimae
1388 2942 1674 2999 orationis
1716 2941 1984 3001 declara,

184 3037 273 3094 vit
304 3034 497 3092 Poeta
525 3041 660 3092 tum
697 3054 760 3092 se
795 3036 1050 3094 Homeri
1083 3037 1604 3107 studiosissimum,
1638 3045 1772 3105 tum
1806 3038 1989 3105 Ores-

186 3142 315 3192 tem
368 3152 543 3190 suum
603 3134 690 3190 ita
743 3142 1022 3211 suscepto
1074 3127 1311 3193 muneri
1371 3137 1694 3206 intentum,
1740 3145 1811 3195 ut
1864 3158 1985 3205 non

188 3239 396 3298 tamen
435 3231 696 3307 pueriles
741 3251 944 3301 annos,
976 3240 1382 3311 notorumque
1414 3235 1686 3303 locorum
1719 3236 1988 3296 dulc-edi..

186 3348 344 3399 nem,
377 3330 619 3405 penitus
653 3329 1055 3387 obliviscatur.

483 3507 497 3538 f
524 3506 712 3564 Cleob'ph·
738 3518 840 3565 973·
1452 3519 1476 3550 g
1498 3512 1612 3560 Ibid.
1638 3514 1679 3563 6,θ
