2288 4036
144 287 298 321 PRAEL.
319 260 512 319 xxxin.
563 264 820 334 Eoeempla
843 264 946 333 ejus
969 264 1047 315 rei
1070 263 1216 333 apud
1236 264 1544 315 Lucretiwm.
1783 263 1884 319 671

145 414 281 470 nino
332 417 491 468 caret
542 408 846 484 exempliS‚
898 427 1033 483 quae
1084 409 1157 464 ad
1210 407 1539 464 istiusmodi
1592 406 1891 465 solertiam

143 508 434 583 pertinere
492 505 820 561 videantur.
922 502 1156 559 Multus
1208 509 1297 559 est
1342 501 1593 576 quodam
1647 500 1777 558 loco
1834 510 1895 559 et

143 601 480 678 splendidus
507 602 569 657 in
591 599 962 675 depingendo
989 598 1227 675 Magnae
1253 598 1469 655 Matris
1499 616 1695 665 sacro;
1738 605 1898 673 post-

144 715 317 771 quam
348 703 549 752 autem
579 695 732 751 bene
767 694 957 750 mult-a
995 694 1077 750 ibi
1121 704 1472 760 narraverat,
1506 712 1634 767 quae
1663 712 1897 768 prorsus

142 792 520 849 abhorrerent
550 809 585 847 a
614 808 852 847 suorum
889 788 1167 855 moribus,
1200 789 1398 844 videte
1430 807 1606 862 quam
1645 788 1899 845 feliciter

142 906 265 944 rem
309 887 610 943 reduxerit
653 887 727 942 ad
772 885 1018 942 affectus
1061 884 1238 941 hosce
1279 891 1643 960 pervagatOS,
1674 885 1895 959 positos

142 982 334 1058 palam
386 983 445 1038 in
498 982 694 1037 medio
739 981 1044 1037 omnibus:
1105 981 1263 1037 facta
1301 979 1578 1037 videlicet
1622 981 1894 1055 pueritiae

142 1079 456 1144 mentione,
489 1079 730 1152 ejusque
760 1077 940 1140 lusus,
970 1078 1070 1151 qui
1101 1077 1162 1132 in
1192 1096 1396 1133 omnes
1427 1097 1638 1152 pueros
1669 1078 1840 1133 cadat
1852 1086 1892 1131 e.

376 1197 465 1240 Hic
486 1204 653 1240 armata
673 1212 849 1248 manus,
874 1197 1060 1241 Curetas
1082 1197 1263 1240 nomine
1287 1196 1409 1239 Graii

380 1269 507 1317 Quos
527 1277 776 1313 memorant
797 1269 1031 1327 Phrygios,
1052 1270 1167 1312 inter
1188 1283 1235 1312 se
1255 1268 1368 1312 forte
1389 1275 1565 1312 catenas

377 1342 575 1394 Ludunt,
596 1342 644 1385 in
665 1357 991 1400 numerumque
1012 1343 1210 1385 exultant
1231 1341 1448 1398 sanguine
1468 1342 1584 1393 laeti;
1617 1349 1662 1384 et

374 1412 605 1456 Terrificas
628 1412 824 1469 capitum
845 1413 1091 1470 quatientes
1112 1413 1274 1456 vertice
1295 1412 1451 1456 cristas

373 1483 569 1528 Dictaeos
590 1483 786 1527 referunt
808 1482 1008 1535 Curetas,
1032 1484 1109 1541 qui
1130 1483 1158 1527 J
1162 1483 1258 1527 ovis
1279 1484 1406 1527 illum

376 1555 590 1612 Vagitum
609 1556 657 1599 in
680 1554 812 1599 Creta
832 1554 1056 1613 quondam
1079 1556 1324 1599 occultasse
1345 1556 1565 1607 feruntur,

378 1626 496 1671 Cum
516 1627 642 1684 pueri
662 1628 830 1671 circum
851 1642 1036 1684 puerum
1061 1628 1236 1684 pernice
1258 1628 1418 1672 chorea

374 1699 548 1742 Armati
570 1699 616 1742 in
636 1713 875 1742 numerum
896 1701 1124 1756 pulsarent
1144 1699 1307 1743 aeribus
1330 1714 1432 1751 aera,

376 1770 447 1814 Ne
470 1770 689 1815 Saturnus
711 1786 807 1815 eam
828 1771 956 1815 malis
978 1771 1207 1815 mandaret
1228 1771 1428 1829 adeptus,

376 1842 703 1901 AEternumque
725 1842 847 1886 daret
868 1843 1005 1886 Matri
1025 1843 1110 1888 sub
1132 1851 1308 1901 pectore
1329 1845 1508 1888 vulnus.

227 1951 408 2007 Porro
454 1958 674 2019 autem,
706 1949 1001 2028 Analogia
1032 1953 1173 2027 quid
1218 1952 1412 2009 valeat
1457 1954 1517 2009 in
1562 1954 1895 2013 istiusmodi

142 2046 314 2114 nodo,
346 2054 474 2103 tum
512 2047 654 2103 alias
684 2047 942 2103 ostendit
978 2047 1080 2104 ubi
1116 2047 1437 2105 abstrusior
1473 2049 1543 2105 fit
1586 2069 1899 2126 argumen-

144 2145 311 2212 tatio,
362 2152 492 2200 tum
535 2137 864 2219 'praesertim
910 2145 1011 2201 ubi
1064 2151 1231 2200 terrae
1283 2152 1495 2212 motus,
1545 2146 1899 2205 calamitatis

143 2239 299 2315 apud
330 2239 583 2297 Romam
614 2240 799 2297 ferme
838 2239 1173 2317 incognitae,
1206 2239 1500 2298 afferenda
1541 2251 1666 2300 erat
1707 2264 1939 2315 causa„

145 2355 304 2393 coeca
334 2344 643 2394 ventorum
671 2338 757 2394 vis
778 2332 808 2392 f.

854 2447 978 2496 Quas
1000 2449 1144 2493 exitus
1165 2449 1237 2494 hic
1259 2449 1422 2494 animai

383 2519 619 2563 Disturbat
638 2519 787 2572 urbes,
810 2527 852 2563 et
871 2521 1020 2564 Terrae
1040 2528 1191 2564 motus
1213 2521 1398 2565 obortus
1415 2526 1424 2565 !

382 2591 518 2638 Quod
539 2592 625 2635 nisi
645 2592 909 2649 prorumpit,
930 2599 1080 2635 tamen
1102 2592 1293 2649 impetus
1314 2593 1409 2650 ipse
1430 2593 1610 2637 Animai

381 2662 440 2706 Et
460 2663 552 2707 fera
572 2664 638 2707 vis
660 2663 781 2707 venti
801 2678 879 2720 per
900 2663 1052 2707 crebra
1072 2663 1288 2707 foramina
1307 2671 1435 2709 terrae

383 2734 667 2792 Dispertitur,
689 2742 739 2778 ut
759 2733 930 2786 horror,
953 2742 995 2778 et
1015 2735 1174 2779 incutit
1195 2735 1299 2779 inde
1319 2743 1571 2789 tremorem,

383 2805 542 2861 Frigus
564 2806 630 2849 uti
651 2813 828 2849 nostros
850 2806 1027 2862 penitus
1051 2822 1154 2850 cum
1174 2808 1296 2851 venit
1315 2808 1362 2851 in
1383 2816 1522 2856 artus,

383 2877 593 2920 Concutit
612 2877 774 2921 invitos
797 2891 960 2935 cogens
981 2884 1168 2922 tremere
1192 2886 1323 2937 atque
1344 2880 1524 2924 moveri-

250 2998 562 3073 Exquisite
619 2998 764 3055 illud
827 3000 1066 3073 quidem
1125 3000 1370 3069 factum,
1429 3002 1586 3077 quod
1648 3003 1899 3080 rigorem

149 3095 345 3151 nescio
375 3113 552 3169 quem
581 3095 789 3152 tribuit
819 3095 946 3152 orbi
976 3102 1280 3162 terrarum,
1311 3104 1593 3173 tanquam
1623 3100 1863 3158 animali
1887 3120 1903 3169 ;

150 3210 218 3248 ac
246 3189 495 3266 proinde‘
519 3210 643 3248 rem
673 3191 1026 3249 rarissimam
1058 3199 1120 3249 et
1149 3192 1507 3252 inassuetam
1539 3214 1736 3252 coram
1771 3215 1905 3272 pro-

152 3286 313 3342 ducit
342 3286 791 3360 quodammodo,
824 3294 886 3343 et
915 3287 1056 3362 ipsis
1085 3306 1252 3363 paene
1281 3289 1546 3346 sensibus
1577 3291 1832 3366 subjicit.

236 3381 483 3448 Verum,
514 3389 582 3438 ut
613 3383 888 3449 diximus,
920 3383 1076 3457 apud
1117 3382 1464 3441 Lucretium
1507 3387 1724 3442 rariora
1767 3395 1905 3443 sunt

386 3584 406 3607 e
432 3577 561 3622 Lucr.
586 3592 625 3621 2.
650 3579 751 3636 629.
1393 3582 1471 3627 f6.
1495 3584 1595 3641 585.
