2288 4036
389 176 500 227 500
732 187 734 189 ’
782 175 1065 227 Musarum
1091 171 1240 244 apud
1262 171 1569 225 Pindarum
1593 172 1806 237 itinera,
1871 191 2043 233 ruffin.
2062 192 2190 226 xxv.

602 319 839 371 Θεσπείαν,
862 317 1023 377 Γραῖάν
1043 336 1107 370 τε,
1130 317 1200 361 καὶ
1223 315 1465 376 εὐρύχορον
1488 316 1810 375 Μυκάλησσον,

602 391 659 436 00
701 391 712 407 2
747 391 759 407 2
834 391 845 407 ’
865 390 884 409 θ
984 389 995 406 ’
1031 390 1041 405 2
1077 390 1088 403 Ι
1300 390 1312 407 Χ
1435 389 1448 403 Ι
1624 391 1636 407 x
1658 389 1670 405 2
1751 388 1763 403 Ι
1871 402 1889 419 ὀ

641 412 655 437 ι
676 412 702 438 τ
734 393 833 451 αμφ
886 399 984 450 Αρμ
1019 409 1223 449 ενεμοντο
1245 409 1315 435 και
1338 391 1548 435 Εἶλεσιον
1569 409 1639 434 και
1674 389 1872 449 Ερυθρας

388 510 528 550 cum
561 490 772 548 multis
803 489 953 547 aliis,

473 586 795 646 Ac-fateor
825 587 1108 663 equidem
1153 586 1367 655 libens,
1400 580 1722 645 Graiorum
1769 586 2011 644 auribus
2052 587 2189 645 ideo

385 688 652 745 maxime
698 686 994 763 placuisse
1037 684 1334 762 ejusmodi
1380 687 1644 754 nomina,
1663 681 1836 761 'quod
1870 693 2041 743 erant
2076 686 2189 762 ipsi

385 786 650 844 locorum
703 785 858 843 bene
912 784 1114 860 periti,
1161 784 1350 841 immo
1396 803 1533 841 suas
1578 783 1902 860 aliquando
1948 782 2045 841 vel
2087 804 2191 860 pa-

387 886 530 942 trias
563 883 658 942 vel
692 884 903 941 domos
933 882 1361 960 agnoscebant.
1453 881 1575 940 Sed
1613 889 1821 940 tamen
1857 881 1970 956 hac
2002 883 2188 940 etiam

382 989 585 1051 aetate,
629 988 692 1040 et
730 981 892 1059 apud
940 1000 1069 1050 nos,
1114 982 1361 1059 regione
1409 980 1560 1039 adeo
1606 988 1888 1052 remotOS,
1933 982 2192 1039 arbitror

381 1082 724 1140 istiusmodi-
785 1080 1074 1139 formulas
1126 1081 1376 1138 minime
1429 1099 1632 1138 carere
1686 1099 1793 1138 sua
1847 1080 2185 1139 dulcedine.

380 1164 637 1240 'Nedum
687 1181 949 1258 frigeant
1009 1179 1260 1238 exordia
1316 1172 1438 1247 illa,
1496 1178 1786 1255 praeclare
1845 1200 1881 1237 a
1925 1178 2188 1239 Pindaro

381 1266 787 1358 comparata't.
1620 1275 1623 1277 ’

622 1405 657 1450 ὦ
677 1407 834 1451 πότνια
855 1406 1023 1457 Μοῖσα,
1045 1406 1182 1461 μᾶτερ
1204 1402 1410 1462 ἁμετέρα,
1432 1403 1656 1462 λίσσομαι

622 1479 702 1524 τὰν
721 1477 971 1535 πολύξεναν
992 1477 1038 1522 ἐν
1061 1476 1282 1537 ἱερομηνίᾳ
1304 1475 1495 1534 Νεμεάδι

620 1551 711 1598 ἵκεο
734 1552 909 1610 Δώριδα
940 1553 1077 1596 νᾶσον
1099 1550 1292 1610 Αἶγίναν·
1329 1548 1456 1595 ὕδατι
1486 1550 1574 1610 γὰρ
1602 1548 1770 1608 μένοντ’
1793 1549 1865 1596 ἐπ’·
1880 1549 2090 1611 Ἀσωπίῳ
2110 1568 2188 1608 με-

680 1624 906 1686 λιγαρύων
926 1623 1126 1671 τέκτονες

621 1704 775 1760 κώμων
797 1699 973 1752 νεανίαι,
997 1697 1131 1745 σέθεν
1152 1696 1240 1743 ὅπα
1259 1700 1501 1756 μαιόμενοι.

378 1810 624 1873 Videtis
682 1814 811 1873 haec
872 1811 1204 1891 simplicius
1263 1812 1563 1870 enarrari:
1637 1811 1854 1870 chorus
1900 1810 2186 1870 videlicet

376 1912 804 1972 Thebanorum
832 1914 1135 1990 juvenum
1165 1912 1397 1989 patitur
1424 1930 1625 1969 moras
1656 1912 1867 1980 invia,
1898 1911 2183 1990 AEginam

376 2029 601 2080 versus,
632 2030 823 2088 usque
855 2030 927 2069 eo
960 2011 1109 2068 dum
1155 2010 1442 2068 adveniat
1474 2008 1678 2077 Musa,
1713 2010 1839 2067 dux
1870 2015 1933 2066 et
1974 2010 2187 2068 carmi-

375 2109 467 2167 nis
507 2119 571 2167 et
606 2110 876 2180 itineris3
923 2129 1017 2168 res
1050 2116 1257 2171 autem
1289 2109 1387 2167 vel
1419 2110 1610 2168 oculis
1651 2109 1982 2187 subjicitur,
2013 2127 2186 2166 men-

374 2206 542 2264 tione
574 2207 734 2266 facta
765 2208 1032 2285 riparum
1065 2205 1277 2283 Asopi.

463 2305 783 2364 Interdum
841 2307 992 2365 mari
1054 2325 1296 2383 quoque
1349 2303 1610 2373 vehitur,
1671 2304 1916 2362 musicis
1973 2310 2183 2362 tamen

372 2405 569 2463 modis
600 2405 1046 2482 obtemperans,
1069 2403 1344 2462 Chorea:
1385 2402 1556 2461 velut
1589 2403 1665 2461 ad
1690 2403 1997 2472 Rhodum,
2026 2403 2183 2462 cele-

372 2503 618 2562 bratura
648 2503 929 2583 Diagorae
959 2503 1226 2581 palmam
1245 2511 1292 2560 ¹¹.

612 2625 779 2672 ἄλλοτε
800 2626 837 2672 δ’
860 2626 1003 2672 ἄλλον
1025 2625 1259 2673 ἐποπτεύει
1279 2627 1411 2686 χάρις
1434 2625 1694 2683 ζωθάλμιος,
1717 2624 1927 2683 ἁδυμελεῖ

614 2699 731 2759 θάμα
750 2701 832 2759 μὲν
852 2703 1092 2761 φόρμιγγι,
1114 2700 1407 2761 παμφώνοισί
1427 2699 1464 2745 τ’
1489 2699 1535 2744 ἐν
1555 2700 1728 2744 ἔντεσιν
1748 2700 1910 2744 αὐλῶν.

613 2773 685 2816 καὶ
706 2775 782 2818 νῦν
802 2772 873 2817 ὑπ’
897 2771 1166 2832 ἀμφοτέρων
1187 2772 1272 2818 σὺν
1293 2774 1491 2831 Διαγόρᾳ
1513 2771 1715 2827 κατέβαν,
1737 2772 1818 2817 τὰν
1836 2773 2017 2817 πόντιον

612 2845 792 2904 ὑμνέων,
814 2847 932 2892 παῖδ’
954 2846 1244 2907 Ἀφροδίτας,
1265 2845 1459 2890 Ἀελίοιό
1481 2865 1529 2891 τε
1558 2845 1748 2905 νύμφαν,
1770 2845 1936 2891 Ῥόδον.

369 2948 551 3018 Illud,
582 2950 851 3022 κατέβαν,
892 2951 1064 3028 ponit
1103 2950 1278 3008 nobis
1322 2969 1608 3027 pompam
1642 2970 1677 3008 e
1707 2950 1948 3029 navigio
1993 2951 2175 3009 modo

366 3066 690 3126 egressam,
742 3051 993 3127 ipsaque
1052 3051 1116 3107 in
1175 3069 1357 3108 arena
1414 3049 1714 3108 notissimi
1774 3055 1985 3126 portus
2044 3068 2179 3127 spa-

367 3147 647 3206 tiantem.
992 3153 997 3158 “

455 3246 788 3324 Splendide
847 3266 1026 3307 sane:
1095 3248 1201 3307 sed
1253 3239 1463 3305 multo*
1510 3254 1652 3304 sunt
1710 3248 1988 3324 graviora
2039 3266 2173 3323 quae

366 3339 553 3404 habet
588 3347 833 3424 alioqui,
865 3349 942 3405 ad
974 3347 1298 3426 Syracusas
1340 3347 1650 3415 accedenS,
1681 3353 1820 3422 post
1852 3334 2173 3424 Pythicam

367 3445 655 3504 Hieronis
708 3440 1040 3504 victoriam.
1144 3445 1390 3521 Nempe
1439 3444 1632 3503 Hiero
1682 3452 1830 3503 tunc
1882 3444 2174 3521 temporis

608 3613 626 3643 t
659 3613 784 3657 Nem.
808 3627 851 3671 3.
880 3627 919 3656 1.
1637 3610 1761 3677 ΕΟΖ.
1789 3620 1828 3668 7.
1855 3623 1927 3653 20.
