2288 4036
247 185 358 244 396
604 188 687 240 De
710 185 957 257 AEsohyli
981 186 1039 239 in
1063 184 1373 256 Choc‘pkoris
1397 184 1605 239 consilio
1624 207 1640 237 .·
1756 203 1916 237 PRAEL.
1935 201 2050 234 xm.

249 327 418 402 Quos
449 352 654 391 versus
691 333 827 390 ideo
860 332 1147 390 libentius
1177 331 1298 388 huc
1329 331 1577 400 adduxi,
1608 330 1769 408 quod
1800 331 1876 389 ad
1907 349 2042 389 eam

245 439 475 508 partem
517 432 823 508 pertinent
855 449 1155 489 sacrarum
1193 429 1523 499 literarum,
1554 449 1686 506 quae
1715 449 1836 506 prae
1867 435 2044 487 caete-

245 531 324 587 ris
368 530 518 587 mihi
560 530 805 606 quidem
849 529 1090 587 videtur
1132 528 1324 586 imbui
1370 528 1571 586 colore
1610 529 1872 605 quodam
1902 526 2043 586 AEs-

245 628 494 705 chyleo:
543 628 634 686 ve]
670 635 916 705 propter
939 625 1372 707 ἀρχαιότροπον
1403 626 1571 685 illam
1602 627 2042 685 sententiarum

241 728 624 805 gravitatem,
656 727 752 785 vel
784 728 944 803 quod
986 726 1167 784 aliam
1210 745 1388 803 super
1426 725 1544 784 alia
1585 725 1740 785 solet
1769 726 2043 805 ingerere

244 826 482 883 divinus
505 826 777 902 scriptor,
789 827 1082 903 junctura
1111 824 1384 902 simplice
1408 826 1599 903 magis
1619 845 1800 902 quam
1825 823 2043 884 callida

244 930 307 982 et
338 923 676 982 artificiosa.

330 1021 586 1091 Verum,
617 1027 687 1079 ut
728 1021 804 1079 ad
841 1017 1119 1100 AEschyli
1168 1021 1408 1080 chorica
1442 1028 1849 1081 revertamur:
1896 1021 2043 1096 quid

242 1121 290 1179 si
335 1120 531 1180 Vates
577 1140 649 1179 eo
696 1119 945 1178 consilio
994 1120 1223 1199 flagitia
1266 1121 1584 1180 hominum
1629 1121 1781 1180 adeo
1827 1121 2050 1179 acerbe

242 1220 597 1288 detestatur,
656 1226 727 1277 ut
794 1220 858 1277 in
918 1220 1192 1278 Deorum
1259 1222 1615 1290 bonitatem,
1682 1222 2044 1279 immensam

240 1317 407 1375 illam
439 1328 501 1376 et
531 1318 910 1387 indefessam,
945 1318 1245 1377 efficacius
1290 1326 1354 1377 et
1400 1319 1616 1377 melius
1644 1320 1878 1378 animos
1910 1338 2043 1396 pos-

240 1416 318 1473 sit
356 1416 747 1475 convertere?
816 1416 981 1486 Quid
1018 1417 1067 1476 si
1106 1416 1357 1486 ChorUS,
1390 1437 1709 1494 personam
1753 1417 2040 1494 quodam-

238 1515 420 1573 modo
450 1535 665 1593 gerens
688 1516 951 1574 universi
974 1516 1152 1593 hujus
1179 1516 1416 1595 generis
1440 1517 1796 1575 miserorum
1819 1523 2044 1574 morta-

238 1613 408 1682 lium,
441 1613 636 1672 voluit
672 1633 874 1671 coram
905 1614 1041 1672 Diis
1072 1615 1348 1673 confiteri
1379 1617 1726 1674 communia
1769 1616 2042 1673 omnium

237 1718 505 1789 peccata,
557 1711 869 1780 dedecora,
914 1730 1182 1771 errores:
1252 1733 1383 1790 quae
1435 1714 1748 1782 confessiO,
1801 1712 2044 1772 Natura

237 1811 368 1888 ipsa
420 1811 696 1878 docente,
743 1811 861 1881 fuit
907 1812 1071 1869 omni
1117 1818 1393 1889 tempore
1438 1832 1561 1870 non
1612 1813 1864 1870 minima
1906 1832 2044 1890 pars

236 1910 596 1989 religionum
643 1916 707 1968 et
749 1909 994 1969 honoris
1030 1911 1346 1971 Deorum?
1416 1911 1540 1971 Sed
1581 1912 1658 1969 de
1701 1911 1817 1970 hac
1852 1912 2044 1971 canti-

236 2008 375 2068 lena
404 2011 565 2068 sat-iS.

326 2107 578 2175 Iterum,
613 2106 831 2167 Oreste
866 2109 998 2185 jam
1044 2109 1295 2166 domum
1338 2108 1629 2187 ingress0,
1669 2128 2042 2186 prosequun-

237 2213 337 2263 tur
374 2226 516 2264 eum
564 2207 932 2265 carminibus
983 2207 1129 2265 boni
1181 2207 1431 2267 ominis:
1493 2227 1750 2285 quorum
1798 2208 1861 2266 id
1905 2228 2043 2286 pro-

234 2306 436 2382 prium
481 2311 574 2364 est
615 2313 679 2364 et
722 2307 1111 2384 praecipuum,
1144 2308 1305 2383 quod
1343 2307 1606 2384 primum
1647 2307 1816 2383 justa
1859 2326 2040 2384 prece

235 2402 277 2461 J
281 2405 426 2473 oviS,
449 2403 763 2474 Mercurii,
788 2405 1036 2464 Larium
1064 2426 1242 2484 opem
1266 2407 1586 2465 invocant:
1630 2407 1849 2464 deinde
1872 2407 2041 2483 quasi

235 2509 584 2560 consecrato
633 2503 898 2581 incepto,
937 2504 1140 2582 palam
1193 2514 1257 2564 et
1312 2513 1520 2583 aperte
1572 2505 1916 2564 accendunt
1963 2505 2039 2564 ad

232 2600 443 2660 matris
488 2602 734 2670 caedem,
780 2603 1180 2682 stimulosque
1224 2605 1476 2674 addunt,
1520 2625 1600 2664 ne
1645 2624 1859 2664 manus
1903 2604 2041 2663 hor-

233 2719 367 2758 rore
395 2697 752 2779 langueat¹:

600 2817 660 2862 σὺ
681 2817 729 2862 δὲ
751 2818 947 2877 θαρσῶν,
969 2819 1075 2865 ὅταν
1095 2821 1175 2879 ἥκῃ
1197 2821 1331 2881 μέρος
1351 2822 1507 2882 ἔργων,

597 2888 797 2937 ἐπαΰσας
816 2894 985 2951 πατρὸς
1005 2894 1156 2946 αὐδὰν,

598 2963 797 3023 θροούσᾳ
818 2984 888 3019 σε,
912 2965 1084 3019 Τέκνον,

597 3037 762 3096 πέραιν’
786 3039 865 3083 οὐκ
887 3039 1140 3100 ἐπίμομφον
1161 3039 1282 3085 ὅταν.

237 3141 398 3201 Sane
427 3141 665 3200 artificii
715 3143 968 3201 minime
1012 3144 1332 3202 mediocris
1369 3151 1516 3213 erat,
1547 3151 1618 3202 ut
1650 3165 1782 3222 quae
1811 3144 2035 3223 alioqui

234 3241 513 3299 facinoris
558 3243 778 3300 atrocis
823 3244 1197 3301 atrocissima
1235 3263 1372 3320 pars
1402 3244 1592 3301 videri
1638 3244 1867 3313 debuit,
1899 3264 2035 3302 eam

232 3342 584 3418 praeciperet
607 3342 930 3417 animoque
955 3350 1096 3400 ante
1126 3350 1443 3420 perageret
1464 3343 1714 3412 ChoruS,
1740 3346 2035 3420 interpres

234 3438 449 3496 divinae
499 3439 843 3509 voluntatiS‚
891 3441 1106 3498 mediis
1155 3442 1340 3498 etiam
1393 3441 1670 3517 precibus
1719 3449 1782 3498 et
1835 3439 2035 3518 religi-

235 3537 464 3595 onibus.

951 3633 963 3664 1
991 3634 1181 3691 Choesph.
1208 3634 1309 3691 825.
