2288 4036
244 190 353 244 734
477 187 694 240 Morari
724 186 1008 257 Viryilium
1033 187 1091 238 in
1117 186 1392 239 occisorum
1420 185 1631 240 casibus,
1677 206 1839 240 PRAEL.
1859 207 2047 242 xxxvi.

244 336 440 404 triam,
465 336 682 404 studia,
715 335 967 393 fortasse
1012 342 1076 392 et
1114 334 1378 403 acerbOS‚
1412 354 1561 412 quos
1591 343 1734 394 ante
1765 336 2048 404 tulerant,

244 453 432 493 casuS.
529 432 668 491 Hoc
701 440 847 502 erat,
879 434 1078 502 crede,
1111 434 1270 510 quod
1303 434 1366 490 in
1397 453 1719 492 numerum
1761 441 2048 493 caesorum

244 533 472 602 retulit,
505 552 666 591 nunc
687 541 710 568 ⁰

487 647 682 693 Crethea
703 647 948 693 Musarum
970 647 1198 700 comitem,
1222 647 1296 692 cui
1318 648 1518 693 carmina
1539 663 1717 707 semper

486 721 547 766 Et
569 721 753 766 citharae
774 720 915 775 cordi,
938 736 1247 781 numerosque
1266 721 1500 767 intendere
1520 722 1698 767 nervis:

487 794 676 854 Semper
697 809 839 855 equos
862 802 996 854 atque
1018 808 1144 839 arma
1161 794 1314 839 virum
1336 810 1605 856 pugnasque
1627 795 1815 841 canebat
1834 814 1844 840 ι

242 873 450 936 nuncd

487 979 703 1024 Herculis
726 980 950 1025 Antorem
973 981 1200 1034 comitem,
1220 980 1298 1040 qui
1321 981 1490 1026 missus
1512 981 1569 1026 ab
1591 981 1730 1040 Argis

487 1053 697 1099 Haeserat
718 1053 950 1107 Evandro,
972 1061 1107 1114 atque
1130 1054 1244 1099 Itala
1265 1054 1531 1099 consederat
1550 1055 1691 1100 urbe:

487 1128 717 1174 Sternitur
737 1129 894 1173 infelix
916 1129 1063 1174 alieno
1083 1130 1286 1183 vulnere,
1305 1131 1559 1190 caelumque

484 1203 677 1262 Aspicit,
699 1210 744 1248 et
767 1203 923 1248 dulces
945 1204 1145 1248 morien·
1168 1204 1474 1249 reminiscitur
1494 1204 1662 1264 Argos.

242 1300 455 1380 Atque
507 1301 622 1361 hoc
674 1303 737 1360 in
795 1303 928 1362 loco
977 1303 1189 1382 religio
1237 1304 1394 1362 foret
1447 1323 1587 1363 eum
1641 1306 2045 1381 praetereunti,

241 1421 425 1479 quem
473 1421 593 1460 non
643 1401 771 1460 sine
817 1403 1115 1480 praecipuo
1162 1404 1423 1480 quodam
1469 1403 1692 1462 affectu
1738 1403 2047 1461 nominare

243 1503 485 1560 videtur
516 1501 812 1580 Virgilius
831 1510 872 1568 θ,

583 1625 613 1671 J
617 1641 812 1671 uvenem
834 1641 1024 1671 exosum
1047 1627 1350 1686 nequicquam
1370 1626 1490 1672 bella
1511 1627 1745 1672 Menoeten

482 1699 677 1753 Arcada,
700 1700 891 1758 piscosae
915 1700 989 1746 cui
1010 1700 1180 1745 circum
1203 1701 1394 1745 flumina
1415 1701 1576 1746 Lernae

483 1775 574 1819 Ars
595 1775 757 1827 fuerat,
781 1789 1044 1834 pauperque
1066 1774 1247 1828 domus,
1270 1790 1353 1819 nec
1376 1782 1485 1820 nota
1504 1781 1745 1832 potentum

485 1848 680 1902 LImina,
705 1849 1021 1909 conductaque
1042 1856 1168 1908 pater
1188 1849 1348 1893 tellure
1371 1848 1561 1894 serebat.

243 1964 535 2023 Crederes
579 1965 852 2042 profecto
885 1965 1152 2044 cogitare
1184 1964 1441 2023 Poetam
1471 1965 1548 2022 de
1589 1964 1803 2022 colono
1843 1964 2045 2041 aliquo

242 2063 605 2134 Mantuam),
638 2084 820 2141 quem
852 2066 1000 2143 ipse,
1031 2085 1182 2142 puer
1211 2084 1352 2123 cum
1384 2073 1562 2133 esset,
1592 2065 1846 2122 noverit.
1930 2064 2048 2122 At-

241 2184 360 2241 que
403 2164 619 2222 horum
662 2164 900 2222 infinita
939 2172 1032 2223 est
1074 2184 1276 2243 seges:
1325 2183 1517 2241 eaque
1557 2163 1736 2241 plane
1774 2165 2044 2221 omnium

242 2265 347 2333 vie,
379 2271 450 2322 ut
498 2265 769 2322 animum
819 2263 1127 2322 declarent
1173 2283 1445 2333 exosum,
1475 2271 1545 2321 ut
1576 2264 1661 2321 ait
1691 2263 1834 2340 ipse,
1867 2262 2044 2321 bella.

243 2362 467 2441 Neque
500 2363 624 2421 ullo
656 2369 933 2440 tempore
963 2363 1124 2440 apud
1149 2351 1501 2441 Virgilium,
1523 2370 1592 2420 ut
1623 2364 1685 2420 in
1714 2362 2045 2420 Homerico

240 2462 505 2532 Achille,
538 2463 762 2523 sentias
792 2470 855 2521 te
886 2463 1078 2540 abripi
1110 2463 1277 2540 quasi
1309 2463 1572 2539 quodam
1613 2462 1855 2521 turbine
1885 2481 1955 2520 ac
1987 2462 2044 2518 vi

239 2564 519 2643 gloriosae
564 2562 835 2621 militiae:
883 2582 1081 2639 neque
1113 2563 1264 2620 adeo
1296 2561 1532 2640 fulgore
1570 2562 1675 2619 illo
1707 2561 2046 2639 praestringi

242 2661 465 2731 ocUIOS,
496 2670 567 2720 ut
607 2681 685 2720 ne
730 2662 828 2719 cui
875 2666 1006 2720 tota
1045 2680 1139 2719 res
1183 2661 1464 2719 immanis
1504 2680 1633 2719 esse
1668 2661 1943 2719 videatur
1982 2668 2046 2716 et

242 2761 419 2819 unice
451 2760 826 2819 detestanda.

329 2859 491 2929 Quid
524 2859 708 2936 siquis
744 2859 821 2917 ab
852 2859 1110 2917 AEneide
1151 2859 1396 2918 recedat
1440 2857 1758 2936 paulisper,
1792 2858 1851 2914 in
1884 2863 2046 2915 cete-

240 2960 320 3016 ris
351 2968 517 3016 certe
548 2958 915 3017 carminibus
959 2959 1230 3017 inveniet
1261 2965 1396 3016 tum
1427 2957 1545 3016 alia
1574 2958 1795 3023 omnia,
1827 2956 2046 3033 quibus

241 3056 529 3116 declarari
574 3057 764 3134 possit
804 3058 1042 3115 animus
1088 3057 1524 3116 incredibiliter
1553 3056 1640 3114 rei
1669 3055 1912 3113 rusticae
1944 3055 2048 3112 de-

242 3155 422 3224 ditus,
455 3150 588 3213 tum
621 3157 824 3225 etiam,
857 3175 1117 3232 quanam
1149 3156 1417 3214 maxime
1449 3156 1524 3213 de
1555 3173 1735 3212 causa
1762 3153 2044 3211 militiam

243 3262 370 3312 tam
414 3255 632 3313 acerbe
677 3275 747 3313 ac
786 3256 1030 3332 penitus
1062 3256 1258 3314 oderit
1290 3255 1515 3313 Poeta:
1565 3254 1850 3317 nimirum
1892 3252 2046 3329 agri-

241 3352 509 3411 colarum
535 3347 966 3431 voluptatibUS,
992 3361 1056 3412 et
1080 3353 1206 3412 otio
1230 3352 1668 3419 rusticantium,
1694 3350 1843 3416 nihil
1872 3350 2044 3427 ,pejus

364 3560 386 3583 c
407 3553 522 3597 AEn.
538 3568 582 3612 9.
599 3563 701 3611 774.
950 3552 973 3583 ‘¹
995 3553 1109 3597 Ibid.
1127 3553 1230 3611 778,
1476 3559 1497 3582 e
1518 3550 1632 3595 Ibid.
1654 3564 1722 3594 12.
1738 3562 1842 3607 517.
