2288 4036
270 151 378 205 470
439 150 671 215 Quonam
692 151 751 202 in
770 169 952 221 yenere
970 150 1182 202 Pudori
1203 149 1388 202 melius
1409 150 1722 204 consulatur.
1758 169 1920 204 PRAEL.
1935 171 2089 205 xxiv·

365 293 569 354 Venio
608 296 736 372 jam
786 297 862 354 ad
908 295 1160 354 alteram
1208 315 1357 365 rem,
1396 316 1578 373 quam
1623 297 1686 354 in
1731 315 1911 356 causa
1956 318 2086 357 esse

280 394 576 464 dicebam,
608 414 716 452 cur
747 395 822 451 de
857 394 1210 470 Lyricorum
1248 394 1454 453 indole
1491 396 1693 453 minus
1730 397 2087 472 expeditum

271 492 632 569 plerumque
693 499 852 550 esset
894 493 1232 568 judicium:
1302 513 1433 568 quae
1485 494 1733 569 ponitur
1783 493 1848 550 in
1902 493 2088 569 ipsius

278 590 537 649 Poeseos
579 596 812 647 natura.
904 589 1234 658 Nimirum,
1265 590 1328 647 id
1359 591 1521 667 quod
1554 610 1765 649 vereor
1802 591 2086 667 equidem

277 709 355 746 ne
389 689 518 764 jam
562 689 637 745 ad
679 688 989 745 fastidium
1022 707 1212 764 usque
1241 690 1647 765 repetiverim,
1679 709 1902 768 magna
1933 688 2086 747 Poe-

279 806 410 845 seos
440 805 576 862 pars
607 786 670 842 in
702 805 774 843 eo
806 787 1079 854 vertitur,
1112 794 1183 845 ut
1213 787 1373 845 intra
1416 787 1730 864 penetrale
1761 788 2085 864 quoddam,

279 885 414 942 velo
445 884 823 960 interposite,
855 884 1167 960 profundae
1198 892 1262 942 et
1291 886 1521 943 intimae
1554 885 1883 943 Poetarum
1918 905 2088 944 men-

278 993 371 1043 tes
422 1003 544 1040 non
605 983 837 1041 lateant
889 982 1012 1041 illae
1060 985 1325 1061 quidem,
1379 992 1651 1062 apertam
1701 993 1910 1044 tamen
1959 984 2089 1062 ple-

278 1102 540 1158 namque
585 1081 785 1139 lucem
827 1082 1150 1160 refugiant.
1240 1083 1382 1141 Jam
1415 1084 1577 1160 apud
1607 1083 1743 1142 illos
1775 1084 1876 1160 qui
1898 1084 2087 1160 justae

279 1179 498 1238 fabulae
559 1180 706 1238 dant
768 1200 1031 1257 operam,
1088 1180 1475 1239 Dramaticos
1536 1182 1670 1240 dico
1731 1188 1795 1239 et
1847 1180 2085 1257 Epieos‚

279 1278 498 1336 videtis
529 1279 714 1355 ipsius
746 1279 1064 1337 scribentis
1109 1298 1427 1356 personam
1466 1299 1779 1338 removere
1817 1298 1881 1339 se
1924 1278 2086 1336 ultro

278 1384 462 1454 atque
507 1378 569 1434 in
607 1378 888 1435 umbram
926 1379 1227 1436 recedere.
1319 1378 1720 1437 Proferuntur
1750 1379 2085 1447 sententiae,

275 1475 431 1533 fiunt
466 1476 714 1552 judicia,
747 1475 1071 1533 laudantur
1101 1483 1286 1553 atque
1323 1477 1745 1554 improbantur
1789 1476 2084 1544 homine&

277 1594 399 1632 non
440 1594 519 1633 ex
559 1575 816 1632 Homeri
848 1574 944 1632 vel
979 1574 1275 1653 AEschyli,
1310 1595 1518 1633 verum
1562 1595 1640 1633 ex
1677 1573 1939 1632 Achillis
1978 1581 2086 1632 aut

279 1674 630 1732 Promethei
662 1693 933 1750 persona.
996 1674 1197 1731 Immo
1222 1675 1408 1732 etiam
1437 1674 1553 1732 hac
1579 1673 1677 1732 via
1706 1674 1819 1732 sibi
1847 1673 2085 1730 exitum

277 1774 726 1850 quodammodo
766 1773 1086 1830 inveniunt
1130 1772 1393 1831 latentes
1433 1774 1774 1831 animorum
1814 1771 2085 1844 affectmz,

276 1891 346 1929 ac
392 1891 568 1948 paene
614 1871 998 1940 sacrosancti,
1038 1870 1246 1947 quales
1291 1871 1524 1929 directo
1570 1889 1847 1929 sermone
1893 1869 2087 1946 expli-

277 1991 412 2028 care
472 1970 840 2048 religiosum,
894 1971 941 2027 si
1003 1970 1148 2045 quid
1209 1969 1390 2038 aliud,
1453 1989 1522 2028 ac
1579 1971 1842 2027 vetitum
1902 1969 2081 2027 foret.

278 2069 386 2127 Sin
433 2089 541 2146 per
580 2068 767 2126 alium
800 2087 909 2126 sua
936 2069 1069 2144 quis
1101 2069 1280 2135 dicat,
1307 2068 1487 2126 simul
1529 2076 1590 2127 et
1633 2069 1849 2146 pudori
1894 2067 2086 2145 parci-

275 2176 391 2237 tur,
424 2177 487 2227 et
517 2168 813 2226 laboranti
845 2167 1147 2245 plenoque
1177 2169 1406 2244 pectori
1442 2167 1794 2225 consulitur.

366 2267 513 2325 Non
560 2266 740 2324 aliam
771 2266 1025 2324 fortasse
1056 2265 1134 2323 ob
1166 2284 1410 2323 causam
1442 2265 1664 2333 evenit,
1695 2272 1767 2322 ut
1811 2263 2084 2342 plerique

279 2383 487 2421 eorum
520 2364 623 2439 qui
662 2363 930 2421 carmina
959 2370 1186 2421 canunt
1217 2363 1514 2433 funebria,
1544 2361 1747 2420 nescio
1780 2380 1927 2437 quas
1971 2361 2083 2419 sibi

278 2468 549 2537 quaerant
579 2461 882 2538 ambages,
914 2462 1144 2519 vocatis
1187 2462 1252 2519 in
1296 2461 1640 2539 lugentium
1676 2467 1878 2537 partes
1907 2459 2083 2526 fictis,

278 2561 326 2617 si
358 2579 452 2617 res
482 2561 570 2617 ita
600 2559 828 2629 tulerit,
863 2559 1187 2617 Pastorum
1231 2559 1519 2636 personis
1610 2558 1703 2616 Ea
1740 2558 1912 2626 rati0,
1943 2578 2084 2615 cum

279 2678 314 2715 a
354 2659 719 2735 gravissimis
760 2658 1127 2728 auctoribUS,
1160 2654 1484 2716 Theocrito
1515 2677 1586 2715 ac
1617 2655 1898 2735 Virgilio,
1931 2657 2086 2715 dux-

279 2758 395 2814 erit
439 2758 702 2826 initium,
745 2777 1006 2834 cumque
1051 2777 1087 2815 a
1132 2756 1433 2835 Spensero
1477 2764 1683 2814 nostro
1728 2775 1850 2814 non
1895 2756 2084 2814 semel

281 2856 463 2912 fuerit
509 2856 796 2924 adhibita,
853 2876 975 2914 non
1028 2856 1276 2914 omnino
1330 2856 1639 2915 contemni
1685 2855 1907 2914 debet:
1970 2853 2087 2911 etsi

279 2955 531 3012 minime
583 2956 949 3033 negaverim,
1003 2957 1233 3032 cepisse
1282 2976 1415 3014 eam
1468 2957 1676 3033 inepte
1724 2974 1793 3013 ac
1846 2972 2085 3031 prorsus

279 3054 440 3112 male
486 3054 692 3111 turbas
737 3055 1161 3113 recentiorum.
1253 3054 1522 3114 Videtur
1557 3061 1763 3112 autem
1796 3073 1869 3111 eo
1899 3054 2086 3130 potis-

282 3154 502 3212 simum
548 3160 837 3230 spectare,
870 3160 939 3210 ut
971 3154 1278 3231 permulta
1307 3152 1580 3212 effundat
1620 3152 1853 3229 aliquiS‚
1885 3159 2086 3210 tectus

281 3250 609 3327 Allegoriae
646 3250 958 3325 cujusdam
992 3252 1161 3327 quasi
1192 3251 1363 3308 tenui
1395 3250 1550 3320 velo,
1583 3270 1720 3326 quae
1765 3248 1935 3306 nullo
1975 3268 2088 3306 un-

283 3369 464 3427 quam
494 3356 770 3426 tempore
802 3350 1097 3407 sustineat
1142 3350 1306 3407 idem
1352 3348 1552 3426 palam
1584 3356 1647 3407 et
1678 3355 1887 3425 aperte
1931 3367 2087 3424 prae-

284 3451 514 3506 dicare:
567 3455 636 3505 ut
683 3447 1028 3515 Meliboeus,
1071 3448 1236 3506 verbi
1283 3466 1481 3519 causa,
1527 3448 1714 3506 libere
1759 3467 1830 3506 ac
1876 3465 2085 3505 secure

284 3556 571 3624 queratur
602 3554 840 3623 ereptos
871 3567 1061 3625 agrOS,
1095 3548 1357 3605 militum
1394 3548 1719 3615 licentiam,
1750 3546 1934 3624 ipsius
1958 3546 2086 3604 Gae-
