2288 4036
340 150 450 206 490
532 148 958 218 Quantifuerint
977 146 1277 218 gymnasia,
1300 154 1518 217 tempo-re
1534 146 1789 200 Pindari.
1827 166 1989 199 PRAEL.
2011 166 2143 200 xxv,

341 302 558 354 nentes
605 295 927 354 Persarum
961 294 1136 351 vires,
1230 291 1525 351 Solennes
1555 291 1840 350 videlicet
1882 293 2146 350 caerimo-

341 396 461 453 niae
507 402 570 453 et
617 394 921 460 sacrificia,
955 393 1094 450 festi
1129 392 1257 449 dies
1286 393 1351 449 in
1381 391 1673 449 honorem
1706 390 1977 450 Deorum
2009 392 2146 459 acti,

342 501 622 552 veterum
667 493 922 550 heroum
968 491 1234 560 nomina,
1277 490 1471 549 laudis
1513 497 1576 548 et
1623 489 1930 568 religionis
1970 509 2150 548 causa

331 594 518 670 juxta
576 591 846 650 tumulos
900 591 1168 666 ipsorum
1223 591 1553 659 nominata,
1615 596 1900 647 coronata
1952 589 2148 658 busta,

343 698 602 751 cantatae
631 691 844 748 naeniae
865 689 1207 765 z—ecquid,
1238 689 1483 765 putatis,
1516 689 1681 747 aliud
1725 690 2003 767 agebant,
2035 688 2150 747 nisi

343 800 414 850 ut
460 791 643 850 altius
689 794 1038 867 penetraret
1081 788 1146 845 in
1194 787 1426 846 animos
1473 786 1796 846 Graiorum
1847 788 2043 864 patria
2087 795 2152 845 et

343 891 507 949 avita
550 890 780 966 pietas3
825 886 1107 965 flagraret
1153 886 1292 944 odio
1336 904 1486 964 gens
1526 887 1808 944 universa
1849 886 1913 943 in
1958 887 2155 963 direp-

343 994 506 1045 tores
551 986 939 1064 templorum,
972 992 1310 1043 statuarum
1357 986 1704 1045 eversores?
1796 986 1958 1056 Quid
1992 987 2153 1063 quod

344 1086 560 1144 iisdem
593 1086 806 1144 diebus
843 1085 1112 1143 revocari
1144 1085 1491 1143 sentiebant
1524 1086 1587 1142 in
1617 1086 2152 1163 praesentissimam

342 1185 717 1253 memoriam,
750 1185 940 1241 immo
979 1190 1222 1241 tantum
1267 1203 1390 1241 non
1430 1202 1632 1242 coram
1669 1183 1898 1252 adesse,
1928 1183 2154 1260 priscos

344 1283 688 1353 bellatores,
741 1283 955 1361 patriae
1011 1284 1211 1352 decus,
1268 1302 1527 1360 quorum
1578 1282 1771 1360 major
1820 1281 2156 1359 meliorque

344 1402 500 1459 pars,
550 1382 836 1441 Herculis
881 1381 1168 1440 videlicet
1228 1382 1484 1440 comites
1537 1388 1600 1440 et
1653 1382 2156 1460 AgamemnoniS,

345 1502 486 1540 cum
518 1483 734 1540 iisdem
765 1481 885 1540 illis
914 1480 1205 1540 Asiaticis
1235 1481 1562 1540 fortissime
1593 1480 2051 1559 pugnaverant?

433 1581 690 1652 Verum,
721 1589 793 1640 ut
837 1582 900 1640 id
932 1581 1093 1658 quod
1135 1601 1231 1640 res
1276 1589 1370 1639 est
1412 1581 1621 1649 fatear,
1658 1582 1760 1639 vix
1798 1581 2159 1640 crediderim

347 1681 614 1740 Pindaro
644 1687 854 1739 nostro
887 1680 1122 1738 venisse
1162 1680 1226 1737 in
1270 1686 1544 1739 mentem
1577 1679 1821 1760 publica
1849 1681 1966 1739 ista
1995 1700 2161 1738 com-

345 1781 546 1849 moda,
577 1799 837 1857 quorum
869 1798 983 1857 ope
1026 1798 1134 1837 sua
1177 1778 1291 1837 sibi
1332 1778 1636 1856 probaret,
1667 1786 1957 1856 tanquam
1994 1778 2160 1838 haud

343 1898 586 1956 prorsus
620 1879 870 1958 indigna
901 1879 1054 1937 serio
1086 1899 1156 1937 ac
1188 1878 1392 1937 divino
1426 1880 1709 1937 carmine.
1787 1878 1932 1938 Alia
1960 1879 2158 1958 longe,

345 1978 409 2035 ni
441 1977 632 2047 fallor,
666 1978 783 2036 fuit
814 1977 1175 2055 plerumque
1206 1979 1360 2036 ratio
1395 1997 1626 2047 eorum,
1660 1978 1761 2055 qui
1793 1978 1970 2036 variis
2007 1986 2162 2037 tem-

346 2077 594 2155 poribus
654 2077 851 2136 functi
919 2085 1062 2135 sunt
1130 2097 1492 2156 magnorum
1555 2078 1880 2137 Poetarum
1911 2063 2160 2137 officio.

351 2176 501 2247 Hos,
534 2178 867 2236 maximam
897 2186 1152 2255 partem,
1181 2179 1268 2236 ita
1298 2177 1582 2237 educavit
1619 2180 1745 2238 sive
1791 2185 2008 2237 natura
2037 2179 2162 2237 sive

349 2298 421 2336 ea
460 2297 599 2355 quae
646 2277 869 2336 dicitur
913 2278 1173 2346 fortuna,
1215 2284 1286 2336 ut
1330 2277 1591 2355 pueriles
1636 2279 1828 2337 ferme
1878 2278 2046 2337 lusus
2091 2298 2162 2337 ac

350 2376 581 2436 deliciae
627 2384 828 2435 essent
877 2377 1097 2454 cuique
1148 2397 1257 2454 pro
1303 2378 1566 2454 quadam
1619 2377 1910 2455 palaestra,
1946 2377 2052 2436 ubi
2098 2396 2162 2437 se

350 2484 590 2535 tentare
620 2482 870 2554 possent
902 2484 1087 2553 atque
1123 2476 1187 2533 in
1225 2475 1453 2552 majora
1481 2475 1800 2554 paullatim
1832 2495 2161 2555 assurgere.

353 2577 572 2653 Itaque
604 2575 767 2634 felici
812 2576 1016 2652 potius
1061 2575 1331 2653 auguri0,
1366 2594 1547 2652 quam
1589 2574 1716 2633 ullo
1749 2575 1984 2653 judicio
2031 2594 2164 2633 sua-

351 2695 487 2732 rum
528 2674 848 2742 mentium,
882 2694 954 2732 eo
990 2674 1348 2732 deferuntur
1377 2693 1497 2750 quo
1529 2693 1832 2751 quemque
1870 2693 2012 2732 suus
2044 2681 2164 2732 tra-

351 2773 445 2832 hit
495 2773 746 2833 Genius
849 2773 1014 2844 Quid
1060 2774 1259 2831 vetuit
1308 2780 1372 2831 et
1422 2772 1772 2841 Pindarum,
1817 2772 2161 2832 Thebarum

353 2873 687 2942 alumnum,
721 2891 855 2950 quae
901 2874 1044 2932 urbs
1092 2880 1155 2931 et
1202 2874 1329 2950 ipsa
1375 2874 1496 2930 suis
1540 2873 1847 2951 gaudebat
1892 2872 2066 2942 ludis,
2099 2880 2163 2932 et

354 2973 599 3049 propius
630 2973 840 3031 aberat
871 2992 906 3031 a
938 2973 1196 3050 Delphis
1227 2981 1291 3031 et
1324 2971 1583 3051 Pythico
1615 2973 1981 3043 certamine3
2024 2993 2162 3050 quae

353 3078 661 3147 praeterea,
705 3068 891 3147 <quod
938 3072 1153 3149 saepius
1193 3072 1484 3130 docemur
1527 3090 1563 3129 a
1600 3053 1887 3150 Pindaro)
1920 3068 2164 3150 AEginae

341 3168 721 3247 jungebatur
750 3170 976 3228 eximia
1000 3170 1260 3247 quadam
1285 3170 1726 3230 consuetudine
1747 3170 1996 3246 3—quid
2023 3168 2166 3226 Pin-

354 3268 588 3337 darum,
620 3269 886 3345 inquam,
931 3270 1127 3328 vetuit
1172 3289 1209 3329 a
1252 3276 1465 3327 tenero
1510 3287 1732 3348 ungue,
1764 3268 1925 3344 quod
1971 3268 2163 3338 aiunt,

355 3366 610 3425 volitare
669 3368 733 3425 in
794 3370 1126 3446 gymnasiO,
1183 3369 1405 3427 versari
1459 3387 1598 3427 cum
1623 3409 1630 3419 .
1657 3366 1922 3437 athletis,
1975 3367 2165 3426 oculis

355 3466 679 3544 animoque
711 3468 983 3525 fortunas
1014 3468 1381 3527 certantium
1414 3466 1737 3545 prosequi?

443 3565 584 3624 Jam
639 3567 686 3624 si
728 3568 825 3625 cui
862 3567 1142 3643 jejunum
1194 3567 1471 3626 videatur
1524 3575 1586 3625 et
1635 3567 1796 3625 exile
1845 3585 2164 3645 argumen-
