2288 4036
206 309 458 341 PRAEL.XL.
534 292 680 342 Recte
706 290 938 343 adhiberi
964 300 1145 343 veteres
1169 293 1349 344 nostris
1374 293 1680 345 erudiendis.
1851 295 1953 345 811

207 425 398 492 tarum
429 444 489 491 et
521 437 865 503 carminum,
897 457 1012 511 quo
1050 457 1111 494 se
1151 445 1459 513 tantopere
1491 438 1802 511 jactabant
1833 436 1956 496 tam

209 531 403 588 Latini
437 550 611 605 quam
645 532 829 589 Graeci
867 541 1111 600 vetereS,
1145 533 1264 591 DEI
1296 533 1540 591 consilio
1580 542 1956 610 prospectum

206 628 500 701 quendam
547 627 764 684 habere
815 629 875 682 in
930 635 1243 683 venturum
1297 647 1493 685 rerum
1541 628 1826 695 ordinem,
1872 630 1960 686 in-

207 725 525 780 scientibus
555 726 641 791 iis,
673 726 770 798 qui
802 724 1061 780 carmina
1090 724 1214 798 ipsa
1243 724 1597 800 pangebant.

291 821 443 889 Quae
495 823 541 878 si
601 841 738 878 vera
795 829 948 887 sunt,
998 821 1312 896 probamus
1371 823 1609 878 omnino
1667 824 1956 897 majorum

206 928 534 974 nostrorum
567 919 873 984 rationem,
905 920 1003 993 qui
1035 926 1229 975 tantas
1264 918 1576 974 voluerunt
1609 938 1733 976 esse
1763 927 1957 994 partes

208 1023 474 1071 veterum
526 1016 831 1090 utriusque
885 1016 1098 1090 linguae
1146 1014 1467 1071 Poetarum
1515 1016 1573 1071 in
1623 1017 1958 1073 erudiendis

207 1110 694 1168 adolescentibus.
786 1112 1013 1185 Ecquid
1045 1110 1222 1175 aliud,
1255 1111 1511 1177 obsecro,
1544 1112 1815 1186 agebant,
1847 1112 1956 1168 nisi

206 1214 275 1262 ut
328 1205 496 1263 Illius
544 1208 880 1263 insisterent
930 1207 1206 1282 vestigiiS,
1260 1207 1357 1280 qui
1408 1214 1499 1263 tot
1550 1214 1689 1263 ante
1748 1206 1958 1263 seculis

207 1303 390 1359 imbui
436 1305 663 1360 curavit
699 1304 987 1378 ejusmodi
1032 1303 1287 1359 lectione
1328 1323 1568 1359 suorum
1610 1305 1771 1379 quasi
1818 1323 1960 1378 pue-

207 1399 442 1456 ritiam?
492 1401 589 1473 qui
632 1407 699 1456 ut
730 1399 769 1455 J
773 1399 954 1455 udaeis
984 1399 1220 1455 oracula
1252 1399 1702 1475 Prophetarum,
1734 1401 1815 1456 sic
1852 1419 1960 1455 cae-

209 1497 363 1561 teris,
384 1496 497 1552 alia
527 1496 793 1570 quamvis
822 1497 1065 1562 ratione,
1091 1496 1256 1553 dedit
1277 1496 1612 1563 Homerica,
1635 1496 1958 1565 Platonica,

209 1592 555 1669 Virgiliana,
618 1592 781 1648 velut
837 1591 1174 1648 inchoatam
1235 1594 1529 1668 quandam
1592 1594 1957 1667 sapientiam.

211 1689 484 1764 Denique
532 1690 612 1747 sic
660 1689 980 1745 habetote:
1042 1689 1427 1747 vehementer
1472 1691 1754 1747 interesse
1797 1710 1961 1747 sanc-

208 1786 451 1842 tissimae
497 1804 728 1859 quoque
775 1783 1081 1851 Veritatis,
1114 1787 1329 1843 servari
1373 1805 1599 1843 morem
1645 1786 1814 1843 illum
1859 1788 1958 1861 qui

208 1882 283 1938 ad
328 1881 478 1937 hanc
521 1899 706 1955 usque
747 1887 982 1937 aetatem
1021 1881 1211 1957 viguit
1250 1883 1312 1938 in
1343 1882 1683 1939 Academiis
1727 1883 1958 1949 nostris,

209 1978 362 2033 utin
396 1977 667 2034 manibus
700 1977 991 2052 juvenum
1033 1977 1150 2034 sint
1190 1979 1422 2035 assidue
1461 1985 1591 2035 tum
1638 1979 1956 2054 priscorum

211 2074 527 2130 Poetarum
574 2092 765 2148 opera,
798 2080 927 2129 tum
973 2072 1465 2149 Philosophorum
1512 2075 1692 2130 etiam
1730 2081 1792 2129 et
1825 2073 1962 2131 His-

209 2170 563 2237 toricorum3
608 2170 706 2243 qui
749 2188 952 2226 omnes
983 2170 1145 2243 quasi
1181 2170 1379 2227 Poetae
1411 2178 1549 2226 sunt
1578 2169 1850 2236 habendi,
1884 2188 1960 2226 ex

209 2285 279 2324 ea
321 2274 481 2323 certe
526 2276 707 2341 parte,
741 2285 856 2340 qua
899 2266 1090 2322 solent
1135 2267 1358 2343 erigere
1402 2269 1642 2333 animos,
1690 2266 1821 2323 luce
1866 2265 1960 2322 vel

209 2363 505 2420 memoriae
535 2362 629 2418 vel
659 2363 1032 2438 cogitationis
1063 2363 1333 2420 excelsae.

293 2459 497 2516 Unum
522 2459 732 2515 addam
756 2477 768 2515 ε
800 2477 876 2514 ne
906 2459 1156 2514 nimium
1187 2459 1437 2515 miretur
1466 2459 1691 2533 aliquis,
1712 2460 1815 2534 qui
1838 2460 1960 2526 fiat,

212 2565 279 2613 ut
316 2556 379 2611 in
409 2575 478 2611 ea
508 2555 789 2621 doctrina,
821 2574 1074 2628 quacum
1117 2555 1432 2629 conjuncta
1469 2555 1585 2611 sint
1632 2562 1722 2610 tot
1768 2556 1963 2630 turpia

212 2661 304 2710 tot
333 2653 549 2726 inepta,
574 2670 679 2707 nos
703 2651 959 2707 officium
988 2658 1110 2706 tam
1134 2670 1311 2726 grave
1336 2659 1397 2707 et
1428 2669 1599 2725 paene
1623 2650 1961 2726 religiosum

212 2766 532 2824 ponamus;
577 2748 913 2803 meminerit
944 2748 991 2802 is
1024 2746 1200 2802 velim
1234 2746 1334 2818 (sit
1368 2747 1526 2803 dicto
1560 2747 1752 2819 venia)
1786 2766 1961 2821 quam

214 2843 403 2900 multa
452 2845 509 2899 in
558 2842 955 2899 Sacrosanctis
1002 2861 1237 2916 quoque
1278 2842 1468 2899 Libris
1521 2842 1810 2917 legantur,
1855 2844 1965 2899 mi-

213 2940 372 2996 rifice
429 2939 503 2994 ab
553 2939 622 2994 iis
672 2938 1028 3006 dissidentia,
1077 2958 1212 3013 quae
1263 2958 1369 2995 nos
1426 2938 1770 3008 homunculi
1827 2958 1965 2995 con-

204 3038 438 3111 jectura
466 3054 900 3110 auguraremur.
990 3034 1150 3102 Quin
1190 3037 1521 3100 statuimus,
1552 3036 1611 3090 in
1652 3034 1758 3090 tali
1795 3054 1965 3111 argu-

214 3140 417 3189 mento
467 3130 612 3187 nihil
661 3132 846 3187 ferme
900 3131 1093 3188 valere
1146 3132 1535 3188 divinationes
1582 3131 1962 3198 mortalium3

216 3229 411 3285 omnia
441 3229 500 3283 in
527 3227 669 3301 Ejus
699 3230 836 3302 poni
868 3228 1127 3293 arbitrie,
1148 3228 1246 3301 qui
1267 3245 1469 3284 causas
1499 3246 1695 3282 rerum
1726 3245 1963 3283 arcanas

216 3325 371 3381 solus
401 3332 462 3390 et
494 3325 657 3380 novit
687 3331 749 3380 et
778 3324 1086 3399 gubernat.

301 3421 420 3476 Sed
450 3420 757 3476 redeamus
794 3420 862 3475 ad
913 3419 1295 3493 propositum.
1386 3417 1682 3485 Quoniam
1713 3423 1959 3482 constat,

216 3515 502 3591 probabili
548 3523 706 3572 certe
751 3517 992 3580 ratione,
1025 3516 1086 3570 in
1131 3534 1192 3569 re
1238 3516 1502 3570 omnium
1540 3514 1817 3579 maxima,
1849 3532 1964 3586 qua

216 3631 333 3667 una
363 3612 698 3668 continetur
728 3611 881 3668 salus
911 3611 1149 3666 humani
1175 3611 1422 3685 generiS‚
1447 3610 1660 3666 Poesin
1683 3609 1963 3664 divinitus
