2288 4036
152 288 317 324 ‚Pnfflu
335 286 558 319 xxxva.>
579 285 690 318 cum
715 275 757 318 et
778 266 1119 336 yraizdiloqua
1133 267 1386 335 proferat,
1414 273 1458 317 et
1471 267 1763 334 proverbia..
1811 271 1917 324 745

163 435 229 472 ac
261 416 540 490 promissa
570 413 843 480 Heroica,
877 413 1072 488 qualia
1102 413 1481 470 abundabant
1512 432 1582 469 eo
1615 421 1917 490 tempore;

164 514 245 568 sic
289 511 524 567 Maroni
555 531 788 585 quoque
833 529 951 566 non
995 510 1181 566 invito
1227 510 1513 566 excidisse
1557 511 1732 566 nimis
1776 510 1919 566 alio-

164 610 259 683 qui
311 608 637 683 magnifica.
726 606 1051 682 Descriptis
1097 606 1371 663 videlicet
1418 608 1593 664 aratri
1636 607 1916 683 partibUS,

166 714 197 736 ‘⁶
219 705 365 762 Haec
387 700 451 771 f,’'
482 705 582 771 ait,

400 828 579 872 Omnia.
599 862 608 872 .
629 861 639 871 .
659 862 666 872 .
683 828 826 871 multo
847 834 948 870 ante
968 840 1140 869 memor
1159 826 1336 882 provisa
1356 840 1558 882 repones,

402 899 448 942 Si
469 907 512 943 te
534 899 664 956 diyna
685 905 827 942 manet
849 898 986 942 divini
1002 899 1146 954 yloria
1167 899 1298 940 ruris.

152 1001 349 1067 ‚.Alias‚
395 1010 720 1060 memorata
765 1003 974 1059 vitium
1018 1003 1230 1078 insigni
1279 1004 1579 1069 varietate,
1624 1021 1748 1059 rem
1794 1021 1918 1059 am-

164 1098 436 1173 plissimis
468 1100 659 1156 verbis
691 1099 909 1156 extulit
929 1108 971 1155 g.

382 1208 489 1263 'Sed
510 1235 652 1278 neque
674 1236 807 1278 quam
828 1222 981 1269 multae
1003 1221 1184 1278 species,
1206 1235 1288 1264 nec
1310 1211 1492 1264 nemina
1513 1236 1611 1279 quae
1634 1221 1736 1272 sint,

400 1292 483 1335 Est
503 1307 743 1344 numerus;
776 1308 919 1350 neque
941 1293 1059 1336 enim
1080 1307 1266 1336 numero
1288 1292 1602 1349 comprendere
1624 1293 1779 1337 refert:

328 1407 330 1409 ,
401 1363 547 1411 Quem
570 1365 646 1422 qui
668 1365 778 1408 scire
798 1365 914 1416 velit,
939 1364 1095 1422 Libyci
1114 1365 1218 1408 velit
1239 1365 1430 1422 aequoris
1451 1364 1570 1408 idem

400 1435 582 1480 Discere
603 1451 736 1494 quam
757 1438 910 1480 multae
932 1436 1136 1494 Zephyro
1157 1437 1395 1480 turbentur
1415 1452 1574 1489 arenae,

399 1507 492 1551 Aut
513 1508 592 1552 ubi
613 1509 798 1566 navigiis
821 1509 1053 1552 violentior
1073 1508 1227 1552 incidit
1250 1503 1426 1562 Eurus,⁴

400 1579 546 1624 Nosse
567 1588 676 1638 quot
698 1580 812 1623 Ionii
833 1581 1011 1624 veniant
1032 1581 1087 1624 ad
1107 1582 1236 1625 litora
1257 1581 1433 1626 fluctus.

251 1681 467 1756 Neque
498 1701 636 1738 vero
667 1701 784 1738 non
821 1684 1107 1740 rusticum
1140 1684 1419 1758 quiddam
1451 1685 1686 1760 sapiunt
1717 1687 1922 1744 crebra

165 1777 266 1834 illa
313 1778 433 1834 sive
480 1779 789 1853 proverbia
832 1798 935 1836 seu
985 1780 1191 1837 breves
1237 1789 1398 1839 certe
1443 1791 1504 1839 et
1549 1792 1742 1841 acutae
1791 1803 1923 1840 sen-

166 1875 388 1942 tentiae,
443 1875 654 1949 quibus
705 1876 795 1931 uti
853 1875 1004 1932 solet
1057 1877 1220 1951 quasi
1279 1878 1546 1936 formulis
1599 1888 1660 1936 et
1712 1882 1921 1939 edictis

166 1971 394 2027 artificii
427 1971 533 2028 sui.
605 1979 636 2002 ‘⁶
659 1971 876 2028 Nudus
906 1992 1020 2039 ara,
1052 1992 1178 2029 sere
1209 1976 1437 2032 nudus:
1475 1976 1679 2051 hyems
1710 1978 1922 2052 ignava

166 2068 375 2124 colono
397 2068 441 2124 !'’
522 2076 553 2099 “
577 2068 902 2143 Nunquam
946 2070 1420 2144 imprudentibus
1458 2073 1647 2129 imber
1677 2074 1921 2130 obfuit.’'

168 2173 199 2195 ‘⁶
221 2165 490 2221 Laudato
521 2166 784 2242 ingentia
813 2186 961 2233 rura,
995 2163 1300 2243 Exiguum
1334 2170 1566 2227 colit0.”
1643 2170 1791 2239 Quis
1821 2191 1922 2227 ne-

167 2264 295 2327 scit,
357 2262 587 2318 vetulos
650 2263 971 2337 praesertim
1032 2262 1269 2320 colonos
1335 2266 1581 2322 mirifice
1641 2266 1921 2323 delectari

166 2359 495 2414 istiusmodi
545 2357 836 2425 clausuliS‚
889 2366 1068 2432 atque
1121 2378 1195 2414 ex
1249 2378 1318 2415 ea
1366 2368 1525 2416 certe
1576 2369 1743 2435 parte
1795 2379 1922 2418 esse

168 2453 523 2511 dicaciores?
569 2455 828 2510 maxime
868 2473 1003 2510 cum
1051 2454 1498 2529 reprehenditur
1547 2457 1755 2532 aliquis
1800 2458 1922 2515 sive

168 2551 464 2624 operarius
504 2550 579 2606 ob
618 2551 907 2617 inertiam,
941 2550 1063 2606 sive
1099 2551 1331 2608 urbicus
1372 2560 1434 2608 et
1475 2554 1805 2611 umbratilis
1845 2555 1921 2612 ob

99 2700 101 2702 .
167 2646 409 2701 nimiam
453 2646 514 2701 in
558 2665 621 2702 re
665 2646 858 2702 aliena
902 2646 1289 2722 diligentiam.
1378 2648 1631 2716 Qualem
1676 2650 1921 2708 fortasse

167 2742 657 2818 significationem
687 2742 909 2799 habent
940 2750 1258 2819 pervagata
1287 2744 1388 2800 illa
1417 2755 1709 2822 praecepta
1728 2743 1772 2814 ¹¹,

405 2857 540 2904 Quod
561 2857 647 2901 nisi
667 2865 710 2900 et
731 2857 920 2900 assiduis
943 2864 1104 2900 terram
1125 2858 1395 2902 insectabere
1416 2860 1583 2912 rastris,

404 2929 462 2971 Et
483 2929 632 2972 sonitu
653 2929 836 2972 terrebis
858 2944 975 2980 aves,
993 2936 1036 2973 et
1056 2930 1172 2973 ruris
1194 2930 1319 2987 opaci

404 3001 530 3044 Falce
550 3016 722 3058 premes
745 3001 965 3052 umbram,
987 3002 1189 3059 votisque
1211 3003 1434 3047 vocaveris
1456 3003 1660 3058 imbrem,

405 3073 509 3116 Heu
529 3088 745 3131 magnum
766 3073 943 3116 alterius
964 3074 1129 3117 frustra
1149 3075 1366 3131 spectabis
1389 3091 1610 3129 acervum,

404 3143 721 3203 Concussaque
741 3146 903 3188 famem
923 3145 970 3188 in
992 3146 1125 3203 sylvis
1148 3146 1344 3190 solabere
1365 3162 1545 3206 quercu.

256 3246 562 3313 Praeterea,
596 3267 738 3322 quas
771 3249 931 3323 operi
963 3267 1068 3305 suo
1109 3249 1204 3306 hic
1234 3249 1356 3307 illic
1386 3252 1642 3330 inspergi
1674 3258 1920 3325 curavit,

171 3343 414 3412 fabulas,
454 3345 735 3401 curiosius
779 3346 852 3402 ad
899 3346 1182 3421 agricolas
1229 3366 1363 3404 suos
1411 3353 1917 3410 accommodavit:

213 3524 242 3553 <f
266 3526 418 3582 Geory.
447 3542 483 3571 1.
507 3528 602 3586 167.
883 3537 908 3567 g
929 3530 1040 3573 Ibid.
1066 3545 1106 3574 2.
1136 3545 1231 3587 103.
1514 3533 1538 3564 h
1559 3535 1670 3579 Ibid.
1699 3550 1735 3579 1.
1764 3548 1860 3594 155.
