2288 4036
119 281 271 316 PRAEL.
292 278 418 312 XXX.
475 260 671 310 Genera
696 259 904 310 Poeseos
930 259 1027 328 {eye
1053 268 1099 311 et
1123 260 1300 311 ordine
1325 260 1526 312 venisse.
1757 261 1864 319 619

119 404 233 462 lam
267 403 329 458 in
358 418 531 457 causa
569 400 761 467 fuisse,
793 419 897 456 cur
934 400 1223 458 limitibus
1265 402 1413 458 adeo
1454 404 1715 478 angustis
1754 405 1863 460 cir-

119 497 424 557 cumscribi
454 502 644 552 artem
687 495 861 570 plane
898 496 1189 553 infinitam
1221 496 1489 554 voluerit.
1577 497 1696 566 Qui
1727 518 1863 555 cum

117 595 177 651 in
205 593 361 649 omni
386 592 630 648 sortasse
653 592 974 665 quaest-ione
1004 594 1361 667 perspicacia
1391 613 1453 650 se
1480 594 1667 670 magis
1686 613 1863 668 quam

118 687 405 765 elegantia
455 688 975 754 commendaverit,
1027 694 1157 744 tum
1208 688 1456 745 Naturae
1507 696 1669 746 certe
1721 690 1866 747 deli-

117 785 250 852 0168,
300 800 653 856 omnemque
710 781 868 838 hunc
922 783 1046 839 caeli
1097 802 1166 840 ac
1224 790 1511 840 terrarum
1571 792 1864 851 ornatum,

116 895 398 952 nusquam
443 875 564 932 ullo
603 894 666 932 se
705 877 975 950 prosequi
1021 894 1221 933 amore
1269 876 1574 952 significat.
1663 876 1863 934 Sensit

116 973 387 1030 videlicet
417 972 506 1027 vir
533 977 760 1037 acutus,
783 990 970 1047 genus
1001 990 1176 1027 omne
1208 971 1544 1039 Poetarum,
1576 990 1721 1046 quos
1751 992 1863 1029 usu

115 1068 348 1144 quidem
395 1066 587 1124 adhuc
631 1072 1002 1141 cognoverat,
1048 1066 1176 1123 istis
1219 1067 1485 1124 terminis
1529 1068 1681 1124 bene
1725 1087 1867 1124 con-

115 1163 268 1221 cludi
311 1180 512 1237 posse:
559 1168 690 1217 tum
729 1180 834 1235 pro
874 1179 1038 1217 more
1078 1180 1198 1228 suc,
1232 1181 1307 1218 ex
1352 1161 1475 1219 sola
1517 1163 1770 1219 nominis
1802 1164 1860 1219 vi

115 1260 186 1317 de
215 1278 276 1315 re
305 1258 575 1314 universa
592 1256 886 1330 judicium
917 1256 1075 1312 tulit.
1158 1257 1276 1324 Qui
1307 1257 1354 1313 si
1386 1256 1641 1333 Virgilio
1671 1259 1867 1315 minor

114 1362 263 1412 esset
298 1361 490 1420 aetate,
520 1372 662 1408 num
694 1353 788 1409 cui
821 1352 1068 1408 dubium
1099 1363 1209 1419 est,
1240 1360 1697 1429 propagaturum
1737 1354 1863 1410 fore

114 1470 246 1509 eum
285 1449 446 1525 quasi
490 1449 635 1504 fines
675 1447 955 1515 Poeticae,
999 1468 1074 1504 ne
1119 1449 1271 1504 forte
1315 1448 1552 1505 excludi
1595 1450 1867 1506 videatur

113 1545 542 1610 laudatissimus
574 1543 879 1618 Scriptor?
1169 1601 1172 1603 ,

194 1640 335 1697 Dixi
366 1641 439 1697 de
468 1641 730 1696 moribus
761 1646 821 1696 et
852 1638 1051 1695 indole
1079 1639 1275 1716 gentis
1308 1639 1637 1701 Graiorum,
1702 1641 1861 1709 Quid

111 1755 293 1812 porrO,
326 1736 371 1793 si
403 1735 663 1802 doceam,
699 1754 918 1810 genera
948 1755 1180 1810 quoque
1225 1736 1350 1810 ipsa
1394 1736 1683 1792 scribendi
1726 1756 1865 1793 con-

113 1831 321 1888 tinuari
373 1831 806 1905 quodammodo
858 1830 1016 1888 aliud
1070 1849 1146 1887 ex
1196 1831 1333 1899 alio,
1384 1838 1665 1905 tanquam
1714 1834 1862 1888 serie

113 1925 357 1999 quadam
389 1931 450 1981 et
481 1927 684 1981 ordine
722 1925 1029 2001 legitimo?
1104 1923 1197 1982 Ac
1235 1927 1425 1982 fateor
1460 1927 1735 2000 equidem
1774 1946 1866 1982 re-

113 2019 323 2095 ligione
360 2040 455 2076 me
491 2023 656 2097 tangi
700 2021 999 2087 nonnulla,
1031 2022 1261 2095 quoties
1305 2040 1402 2077 me
1447 2040 1583 2077 cum
1623 2023 1693 2078 iis
1737 2022 1863 2078 fore

113 2116 312 2182 senti0,
345 2116 443 2190 qui
474 2116 693 2174 nullius
729 2136 845 2172 non
876 2118 956 2172 rei
991 2135 1224 2173 causam
1257 2116 1511 2191 aliquam
1544 2137 1578 2173 a
1608 2136 1669 2173 se
1700 2117 1866 2173 adhi-

114 2210 360 2267 bendam
392 2214 751 2269 existimant.
832 2212 1113 2289 Intelligo
1145 2232 1319 2287 quam
1352 2213 1427 2270 sit
1458 2213 1683 2270 lubrica
1713 2214 1858 2288 ejus-

113 2306 264 2362 modi
309 2308 645 2383 disputatio.
734 2308 931 2376 Quare
975 2309 1087 2365 hoc
1132 2308 1262 2364 loco
1308 2309 1383 2364 sit
1421 2309 1607 2375 venia,
1639 2328 1863 2383 precor,

113 2420 227 2458 non
257 2403 562 2460 disserenti
608 2405 709 2461 sed
753 2405 1087 2478 anquirenti
1129 2403 1322 2459 modo.
1412 2402 1632 2459 Nonne
1663 2422 1733 2460 ea
1762 2423 1866 2460 sae-

113 2497 240 2572 pius
282 2506 372 2555 est
416 2499 652 2555 vivendi
698 2500 978 2566 conditiO,
1009 2507 1077 2555 ut
1120 2500 1280 2574 prius
1324 2499 1671 2556 felicitatem
1710 2519 1868 2573 quae-

114 2601 241 2657 rant
273 2594 538 2651 homines
569 2614 673 2651 seu
704 2596 878 2651 rebus
907 2595 1178 2671 gerendis
1209 2596 1330 2651 sive
1359 2595 1556 2651 studio
1581 2595 1866 2661 veritatis,

115 2689 323 2747 deinde
367 2690 564 2747 lassati
602 2699 663 2747 et
703 2693 837 2767 aegri
879 2691 1195 2747 deveniant
1235 2691 1476 2746 tandem
1522 2692 1584 2746 in
1627 2698 1864 2765 portum

115 2785 403 2858 quendam
447 2788 595 2843 ruris
635 2787 956 2861 tranquilli,
987 2787 1265 2860 mirisque
1302 2787 1415 2841 frui
1456 2787 1741 2861 coeperint
1777 2805 1869 2841 so-

115 2877 284 2947 latiis,
346 2883 582 2956 propius
648 2884 913 2957 inspecta
978 2882 1166 2937 forma
1231 2901 1298 2937 ac
1364 2882 1512 2937 facie
1572 2880 1866 2937 Naturae?

116 2974 331 3042 Quidni
383 2985 679 3052 putemus,
726 2997 890 3034 more
937 2997 1056 3033 non
1105 2977 1341 3051 penitus
1390 2977 1618 3032 diverso
1670 2995 1867 3032 accre-

116 3071 262 3127 visse
305 3080 573 3129 veterum
623 3073 879 3130 Poesin?
970 3072 1209 3147 Nempe
1258 3072 1564 3128 Homerici
1609 3073 1863 3146 primum

116 3172 176 3220 et
208 3164 514 3235 Pindarici,
546 3187 688 3242 quas
719 3169 964 3243 quisque
994 3187 1029 3224 a
1059 3167 1377 3241 majoribus
1416 3173 1722 3241 acceperat
1763 3166 1868 3221 he-

117 3259 284 3317 roicae
329 3262 485 3319 illius
520 3265 654 3320 vitae
701 3264 991 3338 reliquias,
1039 3264 1285 3337 posteris
1334 3263 1486 3318 tradi
1525 3281 1660 3318 cum
1706 3262 1865 3318 omni

117 3353 286 3411 laude
335 3367 697 3415 curaverant.
794 3359 1026 3415 Deinde
1071 3357 1382 3435 AEschylus
1430 3359 1710 3414 docuerat
1755 3356 1869 3431 Py-

118 3448 447 3525 thagoricus
477 3455 616 3527 quid
659 3462 856 3528 posset
896 3453 1180 3510 altissima
1221 3452 1604 3528 philosophia.
1687 3451 1871 3508 Utro·
