2288 4036
291 204 400 260 626
538 208 814 261 Baeticam
842 207 1040 261 Poesiw
1065 205 1153 259 hoo
1177 214 1394 278 tempore
1419 223 1543 277 opus
1568 222 1666 259 esse
1685 227 1701 257 .·
1780 223 1942 258 PRAEL.
1963 223 2096 257 xxx.

292 349 496 408 venire
528 350 810 409 videntur
849 370 990 408 cum
1030 369 1102 408 ea
1133 351 1301 426 quasi
1339 349 1616 419 formula,
1648 369 1827 426 quam
1875 369 1982 408 nos
2023 350 2100 408 ab

290 447 466 505 initio
498 447 822 505 statuimus
856 447 930 504 de
963 447 1127 504 omni
1161 446 1421 506 Poeseos
1451 467 1691 527 genere.

380 543 661 604 Occurrit
703 551 910 603 autem
954 545 1070 603 hoc
1106 545 1240 604 loco
1272 547 1432 623 quod
1478 548 1729 604 minime
1766 546 1968 603 omitti
2000 565 2100 603 ve—

291 644 436 703 lim:
492 651 584 703 est
633 645 797 702 enim
850 643 1114 703 officiosa
1158 646 1429 722 quaedam
1491 646 1760 722 quaestio,
1852 644 2097 714 Quaeras

291 742 597 813 videlicet,
630 745 736 820 qui
780 743 909 801 fieri
954 745 1163 821 possit,
1193 751 1264 802 ut
1310 744 1585 802 homines
1629 744 1961 822 gravissimi
2008 750 2098 801 at-

291 862 410 919 que
443 844 658 920 optimi
691 844 847 901 tanti
879 844 1103 902 faciant
1134 863 1268 902 eam
1301 851 1511 913 artem,
1537 863 1656 920 qua
1680 851 1806 902 tam
1839 842 2100 900 libenter

289 941 597 999 caruerint
651 941 713 1009 ii,
764 941 866 1017 qui
919 942 1194 1018 proxime
1247 942 1323 999 ab
1375 941 1504 1018 ipso
1560 941 1756 999 Fonte
1808 941 2098 999 bonitatis

290 1040 560 1098 aberant.
652 1040 853 1099 Immo
900 1040 998 1099 vel
1048 1059 1183 1099 eam
1229 1041 1307 1099 ob
1354 1061 1596 1100 causam
1647 1062 1808 1099 nunc
1857 1061 2098 1119 quoque

290 1157 600 1216 superesse
642 1139 998 1197 crediderim
1036 1140 1230 1217 prisca
1267 1147 1330 1198 et
1376 1140 1633 1218 simplici
1666 1142 1892 1200 virtute
1923 1141 2097 1209 virOS‚

289 1238 392 1314 qui
437 1245 638 1296 totum
682 1238 816 1308 hoc,
851 1238 1054 1298 Versu
1100 1239 1377 1309 scribere,
1424 1239 1612 1298 oculis
1659 1260 1868 1317 parum
1915 1240 2098 1317 aequis

289 1337 623 1415 aspiciant;
684 1358 813 1396 rem
859 1338 1084 1416 quippe
1133 1346 1371 1398 terrena
1427 1338 1565 1397 labe
1618 1346 1980 1409 contactam,
2034 1346 2098 1398 et

291 1456 432 1494 cum
475 1436 717 1496 luxuria
747 1445 811 1496 et
842 1437 1100 1496 mollitie
1134 1439 1244 1512 (sic
1276 1439 1438 1497 enim
1472 1439 1583 1497 sibi
1614 1439 1842 1518 fingere
1875 1439 2096 1517 solent)

289 1537 623 1595 arctissime
655 1539 1059 1615 conjunctam.

379 1633 483 1704 Hi,
516 1641 586 1693 ut
625 1643 796 1713 put0,
832 1637 1120 1695 monendi
1167 1644 1329 1708 sunt,
1370 1657 1448 1698 ne
1495 1638 1754 1695 doceant
1798 1637 1875 1696 ab
1920 1637 2099 1715 aegris

291 1734 490 1811 sperni
541 1735 764 1794 debere
812 1736 1197 1806 medicinam,
1239 1745 1559 1815 propterea
1600 1737 1761 1814 quod
1810 1757 1882 1796 ea
1922 1736 2098 1795 facile

290 1841 615 1892 caruerunt
653 1835 798 1893 sani.
890 1835 1042 1905 Quis
1071 1836 1204 1906 scit,
1236 1856 1311 1893 an
1353 1837 1660 1914 praecipua
1690 1837 1948 1913 quadam
1995 1836 2101 1893 be-

289 1933 457 2011 nigni
492 1933 781 1993 Numinis
822 1934 1138 1994 voluntate
1182 1935 1305 2005 fiat,
1337 1943 1408 1994 ut
1451 1957 1523 1994 eo
1568 1935 1899 2013 praesertim
1944 1942 2100 1993 tem-

289 2051 436 2109 pore
468 2034 670 2111 vigeat
714 2034 868 2092 ruris
913 2054 1083 2093 amor
1124 2042 1187 2093 et
1227 2035 1505 2105 Naturae,
1539 2045 1602 2094 et
1643 2036 1977 2094 carminum
2024 2054 2097 2093 eo

291 2132 716 2209 spectantium,
771 2153 891 2210 quo
944 2134 1154 2211 procul.
1209 2154 1243 2192 e
1296 2136 1605 2193 communi
1658 2135 2097 2194 consuetudine

289 2231 548 2290 abierint
580 2252 670 2303 ea,
703 2253 958 2309 quorum
998 2253 1112 2311 ope
1153 2234 1410 2311 majores
1450 2236 1639 2293 nostri
1674 2234 1945 2303 ἀμουσίαν
1974 2254 2097 2292 11011

287 2331 464 2388 inviti
511 2331 827 2390 tulerunt?
915 2331 1072 2390 Cum
1119 2333 1280 2390 enim
1330 2334 1393 2391 in
1440 2334 1633 2392 tribus
1670 2334 1860 2392 ferme
1899 2333 2097 2402 rebUS‚

287 2438 357 2487 ut
407 2436 550 2487 ante
597 2430 742 2499 dixi,
785 2431 1142 2489 consisteret
1188 2451 1397 2489 eorum
1450 2431 1752 2500 solatium,
1798 2432 2096 2490 vaticiniis

288 2528 520 2587 scilicet
579 2530 811 2597 divinis,
867 2529 1099 2587 solenni
1160 2550 1358 2607 prece,
1423 2550 1726 2589 sacrorum
1787 2531 2096 2609 signorum

288 2629 495 2706 copia3
544 2649 688 2687 rarae
718 2616 833 2688 hoc
865 2636 1142 2707 tempore
1169 2631 1353 2704 (absit
1378 2630 1540 2689 dicto
1572 2631 1822 2704 invidia)
1847 2631 1910 2688 in
1942 2638 2096 2689 tem-

285 2729 401 2806 plis
439 2736 781 2787 nostrorum
829 2738 971 2788 sunt
1016 2750 1245 2807 preceS,
1279 2730 1506 2808 diuque
1536 2732 1932 2800 intermissae;
1979 2730 2096 2808 sig-

284 2847 499 2886 norum
526 2848 848 2898 sacrorum,
874 2829 1075 2906 qualia
1100 2838 1335 2888 veteres
1357 2830 1738 2907 reperiebant
1764 2830 1927 2887 omni
1960 2829 2093 2888 loco

287 2947 356 2985 ac
402 2934 695 3004 tempore,
743 2948 820 2986 ne
867 2929 1126 3006 suspicio
1166 2929 1409 3005 quidem
1453 2924 1579 2987 ulla
1619 2935 1729 2998 est,
1769 2929 1882 2987 nisi
1924 2929 2094 3005 siqua

287 3028 444 3085 forte
501 3027 781 3085 inciderit
838 3028 1069 3086 mentio
1121 3028 1362 3086 illorum
1412 3048 1544 3105 quae
1599 3030 1716 3087 rite
1775 3029 1838 3086 in
1897 3029 2092 3107 adytis

287 3133 582 3204 aguntur:
632 3124 1038 3185 Hebraeorum
1070 3127 1312 3186 oracula
1341 3127 1555 3205 legunt
1587 3128 1832 3204 quidem
1865 3147 2090 3197 omneS‚

288 3225 394 3283 sed
430 3225 640 3301 jejune
672 3231 734 3282 et
765 3225 1021 3294 exiliter,
1055 3226 1277 3303 quippe
1309 3226 1412 3303 qui
1445 3227 1520 3284 de
1558 3226 1734 3284 litera
1773 3227 1900 3285 sola
1929 3228 2093 3305 cogi-

286 3328 417 3380 tare
458 3322 739 3379 audeant.
831 3322 1029 3400 Igitur
1060 3343 1124 3382 se
1154 3324 1228 3381 ad
1261 3342 1399 3380 rura
1428 3323 1837 3400 rusticamque
1870 3322 2090 3381 Poesin

287 3420 588 3497 recipiunt
623 3419 899 3478 homines
944 3441 1065 3479 non
1105 3421 1299 3491 inviti,
1333 3430 1515 3498 atque
1552 3421 1636 3479 ibi
1671 3422 1955 3479 fruuntur
1984 3440 2090 3478 ex-

287 3519 433 3576 imio
465 3519 726 3595 quodam
755 3517 1009 3588 solati03
1057 3519 1224 3580 nulla
1261 3521 1422 3578 enim
1464 3519 1754 3598 religione
1786 3526 2086 3586 tenentur,
