2288 4036
308 206 419 260 584
711 206 958 275 Δεύτεραι
984 204 1047 259 de
1075 203 1339 276 Euripide
1365 206 1647 274 φροντίδες.
1772 221 1936 258 ΡΒῈῈ.
1963 219 2117 256 xxlx.

314 351 496 432 longo
541 360 678 431 post
716 361 991 430 tempore
1023 354 1276 411 veniunt
1317 353 1380 411 in
1420 351 1621 411 lucem
1657 359 1841 430 atque
1877 352 1940 410 in
1978 371 2119 411 ocu-

317 450 428 522 los,
463 453 779 529 repentino
818 448 1079 527 quodam
1124 450 1281 522 80118,
1324 453 1370 510 81
1414 451 1535 509 fors
1578 452 1666 510 ita
1706 449 1931 519 tulerit,
1973 451 2118 519 ictu,

317 550 661 609 tabularum
694 548 955 629 egregiae
986 569 1056 609 ac
1086 550 1510 628 pulcherrimae
1551 558 1769 628 partes,
1801 557 2121 627 postquam

319 648 505 707 semel
561 668 660 708 eas
717 649 878 707 bono
931 646 1162 707 lumine
1215 647 1634 708 collocaveris!
1697 666 1876 726 quam
1928 646 2124 706 multa

320 747 525 805 statim
558 753 768 805 extare
801 747 865 804 in
895 747 1144 814 umbris,
1166 747 1227 804 in
1260 746 1606 814 eminentia,
1630 748 1692 804 in
1723 744 1870 805 locis
1900 744 2125 822 alioqui

321 843 576 904 horridis
609 852 794 922 atque
825 846 1113 916 obscuris»,
1146 866 1278 923 quae
1313 846 1478 923 prius
1518 866 1595 904 ne
1640 846 1849 923 peritis
1880 844 2125 922 quidem

322 951 708 1002 occurrerent
761 942 970 1014 oculis,
1012 945 1239 1003 nedum
1290 944 1542 1003 nostris!
1635 943 1808 1002 Nihil
1853 943 2125 1021 profecto

324 1042 558 1101 vetabit
590 1043 774 1101 etiam
806 1045 868 1101 in
901 1044 1267 1102 carminibus
1297 1044 1421 1102 tale
1452 1044 1678 1121 aliquid
1709 1043 1874 1102 fieri:
1917 1062 2127 1101 eorum

323 1149 504 1211 certe,
552 1162 810 1219 quorum
856 1143 1002 1201 vitae
1050 1162 1410 1220 morumque
1456 1142 1553 1200 vel
1597 1141 1764 1200 nulla
1812 1141 1906 1200 vel
1951 1141 2127 1200 exilis

324 1242 605 1319 quaedam
653 1242 947 1300 memoria
996 1249 1305 1312 servetur3
1358 1262 1498 1301 cum
1546 1242 1882 1319 praesertim
1929 1260 2000 1299 ea
2048 1240 2126 1299 sit

324 1340 414 1398 vis
446 1339 724 1410 Ρο08008,
755 1349 826 1399 ut
868 1361 1105 1420 semper
1144 1342 1344 1400 arcani
1385 1340 1611 1418 aliquid
1654 1340 1892 1411 habeat,
1929 1360 2127 1417 neque

324 1456 591 1515 unquam
638 1439 742 1497 diu
787 1439 1175 1516 multumque
1221 1438 1627 1518 cogitantibus
1671 1438 1937 1496 fructum
1982 1437 2131 1495 ube-

323 1536 544 1595 riorem
596 1538 980 1617 cogitationis
1039 1558 1165 1597 suae
1224 1546 1427 1617 neget.
1525 1537 1725 1596 Immo
1774 1537 1931 1595 hanc
1984 1556 2130 1614 prae-

323 1636 564 1714 cipuam
624 1639 1049 1716 propriamque
1107 1638 1400 1697 habemus
1460 1656 1646 1715 spem,
1704 1655 1822 1714 qua
1880 1635 1943 1693 in
2001 1634 2129 1693 haec

325 1733 526 1792 studia
577 1735 851 1811 quotidie
910 1755 1019 1794 nos
1080 1737 1396 1815 erigamus,
1452 1736 1580 1793 fore
1639 1753 1749 1792 1108
1807 1731 2128 1809 aliquando

325 1852 684 1912 magnorum
730 1833 1048 1892 hominum
1085 1836 1255 1912 quasi
1301 1833 1641 1902 familiares,
1687 1839 1870 1909 atque
1915 1830 1991 1889 ad
2039 1831 2130 1889 in-

326 1933 478 1992 tima
524 1953 734 1992 eorum
779 1934 1030 1993 consilia
1077 1941 1510 2012 perventuros:
1566 1953 1643 1993 ex
1689 1952 1807 2010 quo
1853 1930 2128 1997 efficitur,

326 2033 455 2092 fore
500 2052 738 2110 semper
781 2033 1007 2112 aliquid
1057 2035 1508 2093 addiscendum.
1599 2032 1760 2091 Illud
1802 2039 2029 2100 autem,
2060 2036 2132 2087 ut

328 2133 556 2210 opinor,
589 2133 923 2192 certissimo
970 2133 1138 2192 lucro
1185 2133 1630 2211 deputabimus,
1662 2133 1710 2191 si
1742 2132 1874 2208 quis
1919 2149 2128 2188 eorum

328 2233 431 2309 qui
482 2233 678 2309 primo
729 2233 1109 2292 intuentibus
1161 2233 1561 2292 secundarum
1614 2231 1796 2289 modo
1847 2229 1957 2288 visi
2010 2229 2131 2287 sint

326 2332 609 2408 partium,
634 2332 785 2391 adeo
816 2351 880 2391 se
906 2333 1333 2391 commendare
1363 2332 1648 2409 potuerit,
1674 2328 1965 2410 δευτέραις,
1986 2348 2133 2405 quas

328 2439 565 2499 vocant,
599 2430 924 2511 φρόντισιν,
964 2452 1095 2508 quae
1141 2431 1338 2490 solent
1376 2430 1820 2509 quodammodo
1869 2448 1998 2487 esse
2043 2447 2134 2486 sa-

327 2529 672 2606 pientiores,
695 2538 765 2588 ut
797 2531 859 2587 in
890 2531 1312 2608 primariorum
1344 2550 1593 2589 censum
1624 2527 1973 2587 referendus
2002 2545 2132 2585 esse

328 2627 639 2686 videatur:
690 2627 977 2707 indagato
1014 2629 1250 2688 scilicet
1290 2648 1541 2707 poeseos
1573 2630 1701 2706 ejus
1732 2628 1918 2686 fonte.
2010 2625 2134 2684 Lu-

330 2746 450 2796 010,
481 2727 747 2804 inquam,
779 2728 895 2786 ista
926 2728 1387 2805 deputabimus:
1434 2748 1575 2786 nam
1606 2727 1845 2786 cuinam
1877 2725 2032 2784 veris
2062 2745 2132 2784 ac

331 2824 548 2883 florum
597 2827 852 2885 amatori
899 2846 1023 2884 non
1069 2828 1411 2904 gratissima
1455 2826 1882 2903 supervenient
1926 2825 2134 2903 ignota

331 2925 496 3001 prius
538 2942 778 3003 genera,
819 2924 916 2983 vel
962 2925 1133 3003 siqua
1177 2926 1335 2984 forte
1371 2927 1572 2984 minus
1612 2926 1769 2984 bene
1809 2932 1956 2982 nota
1995 2942 2136 2982 con-

333 3023 710 3100 tempserat?

419 3120 633 3198 Atque
675 3122 803 3181 haec
834 3121 1016 3182 hodie
1045 3124 1332 3201 praefatus
1368 3143 1520 3195 sum,
1552 3122 1927 3192 Academici,
1959 3140 2136 3200 prop-

333 3228 502 3280 terea
531 3222 692 3297 quod
726 3241 936 3279 vereor
964 3230 1035 3280 ut
1067 3225 1211 3282 satis
1242 3225 1423 3303 digne
1453 3224 1694 3282 locutus
1730 3223 1843 3281 sim
1879 3221 2136 3280 antehac

334 3321 410 3378 de
454 3338 677 3398 magno
717 3321 858 3390 viro,
903 3340 1085 3398 quem
1131 3324 1381 3381 tertium
1432 3324 1591 3382 inter
1635 3342 1773 3381 suos
1813 3320 2137 3400 Tragoedos

332 3419 676 3476 numeravit
722 3438 961 3496 semper
997 3420 1328 3499 Tragoediae
1374 3422 1599 3490 nutrix,
1632 3418 1863 3480 Attica.
1955 3419 2134 3496 Equi-

333 3517 474 3575 dem
505 3537 646 3575 cum
683 3518 943 3594 primum
987 3537 1087 3576 me
1123 3521 1502 3598 accingerem
1540 3522 1616 3579 ad
1652 3521 1809 3579 hanc
1839 3520 2136 3578 rationem

333 3622 396 3673 et
429 3616 587 3674 viam
613 3615 877 3675 Poeticae
909 3620 1253 3686 tractandae,
1278 3619 1631 3697 Euripidem
1658 3619 1919 3692 (fatebor
1949 3618 2136 3693 enim)
