2288 4036
157 281 314 316 man.
337 279 522 312 xxvm.
615 258 814 312 versari
837 275 947 311 eam
973 258 1029 310 in
1055 256 1270 309 locorum
1295 254 1578 308 admonitu.
1809 257 1913 310 57}

156 405 426 482 repetitae
469 421 665 461 rerum
695 401 1035 459 Atticarum
1080 401 1300 465 lau-dea,
1340 407 1468 456 tum
1510 398 1723 455 ultima
1766 418 1920 473 prae-

156 503 354 560 sertim
388 499 490 556 illa
516 499 695 556 statio
716 496 1055 555 moribundi
1071 498 1197 572 jam
1226 497 1397 562 seniS,
1419 495 1713 569 descripta
1743 514 1918 569 paene

155 599 227 654 ad
267 593 531 672 regulam
567 601 748 668 atque
788 593 862 651 ad
901 594 1159 658 lineam;
1202 599 1270 649 ut
1306 591 1446 667 ipsis
1477 591 1602 666 ejus
1633 591 1920 667 vestigiiS,

158 693 256 766 qui
293 689 492 756 vellet,
528 697 724 764 posset
767 690 1054 755 insistere,
1096 707 1247 744 neve
1291 686 1477 744 latum
1522 685 1762 760 quidem
1807 704 1923 741 un·-

154 803 329 862 guem
361 804 396 840 a
425 792 651 840 sacrato
682 782 813 839 loco
845 783 1147 840 discedere
1165 778 1216 837 ¹¹.

506 890 599 933 ἕπει
623 887 659 932 δ’
681 889 840 947 ἀφῖκτο
861 888 938 944 τὴν
958 888 1248 946 καταρράκτην
1269 886 1373 931 ὁδὸν

507 962 687 1020 χαλκοῖς
706 961 915 1018 βαθροῖσι
934 960 1065 1019 γῆθεν
1087 959 1380 1018 ἐρριζωμένον,

508 1034 615 1089 ἔστη
638 1032 851 1077 κελεὺθων
871 1032 915 1076 ἐν
935 1032 1255 1089 πολυσχίστων
1272 1035 1364 1089 μιᾷ,

506 1104 661 1147 κοίλου
677 1104 814 1149 πέλας
835 1105 1058 1162 κρατῆρος,
1082 1102 1132 1146 οὗ
1153 1104 1206 1146 τὰ
1228 1102 1411 1159 Θησέως

508 1175 697 1233 Περίθου
718 1191 765 1219 τε
785 1177 918 1218 κεῖται
937 1172 1057 1219 πίστ’
1079 1174 1144 1217 lia
1166 1173 1431 1230 ξυνθήματα*

509 1246 580 1306 ἐφ’
602 1247 653 1291 οὗ
672 1247 811 1304 μέσου
834 1247 957 1299 στὰς,
979 1249 1055 1290 τοῦ
1076 1265 1123 1290 τε
1145 1247 1350 1304 Θορικίου
1367 1246 1547 1303 πέτρου,

508 1318 656 1374 κοίλης
677 1316 712 1361 τ’
734 1318 937 1375 ἀχέρδου,
959 1317 994 1361 κ’
1017 1318 1102 1362 ἀπὸ
1122 1314 1273 1362 >iabou
1294 1318 1454 1375 τάφον,

511 1388 716 1444 καθέζετ’.

158 1485 289 1556 His,
318 1487 578 1561 inquam,
608 1483 872 1543 locorum
914 1483 1161 1553 indiciis,
1191 1482 1397 1542 habita
1428 1502 1664 1559 quoque
1700 1482 1924 1559 saepius

156 1581 616 1657 propinquorum
675 1580 941 1636 Deorum
1001 1580 1250 1636 obscura
1306 1579 1559 1654 quadam
1626 1579 1922 1655 significa-

158 1676 334 1744 tione,
382 1676 524 1732 fecit
578 1674 859 1751 Scriptor,
910 1682 978 1731 ut
1025 1695 1160 1750 quae
1211 1675 1523 1752 Tragoedia
1569 1676 1803 1732 actione
1854 1683 1922 1732 et

156 1772 356 1830 fabula
397 1791 520 1847 prae
565 1773 796 1829 caeteris
839 1771 1166 1848 langueret,
1195 1771 1525 1847 flueretque
1554 1771 1789 1840 tardior,
1821 1791 1926 1829 ea-

156 1870 292 1927 dem
331 1870 388 1925 vi
430 1887 660 1926 summa
698 1868 773 1925 ad
814 1887 877 1926 se
921 1876 1312 1934 converteret,
1357 1887 1669 1926 conversos
1710 1869 1921 1925 diutis-

156 1966 302 2023 sime
333 1965 643 2032 detineret,
680 1966 942 2024 animos:
990 1984 1164 2040 quam
1199 1965 1433 2039 quoties
1476 1964 1633 2041 leg0,
1675 1984 1922 2021 moveor

156 2062 431 2137 equidem
467 2060 662 2127 altiuS,
693 2060 859 2117 velut
889 2062 929 2117 ii
961 2062 1061 2136 qui
1093 2081 1226 2118 cum
1272 2061 1529 2136 primum
1574 2080 1705 2117 eam
1750 2061 1917 2119 audi-

156 2165 304 2226 rent,
342 2157 636 2233 Sophocli,
675 2158 752 2214 ob
793 2165 1055 2226 aetatem,
1088 2166 1155 2214 ut
1190 2159 1541 2233 quibusdam
1587 2158 1923 2226 videbatur,

157 2256 485 2332 desipienti,
532 2274 806 2312 coronam
854 2275 989 2312 cum
1038 2257 1199 2312 omni
1247 2254 1423 2312 laude
1477 2255 1687 2312 deferri
1727 2256 1924 2330 jusse-

156 2357 311 2406 runt.
399 2349 498 2406 Sic
544 2357 606 2406 et
649 2369 755 2407 nos
795 2351 982 2407 ferme
1027 2352 1185 2408 subit
1226 2350 1455 2427 religi0‚
1493 2357 1779 2426 negantes
1811 2349 1917 2406 tali

157 2445 283 2501 viro
323 2446 585 2501 nativam
633 2445 893 2502 Musam.
981 2445 1171 2503 Venit
1223 2448 1284 2502 in
1335 2453 1599 2502 mentem
1640 2444 1917 2521 Virgilii:

157 2543 299 2616 quin
350 2561 514 2617 paene
561 2542 942 2618 suspicamur,
984 2561 1250 2600 manasse
1294 2562 1330 2600 a
1374 2541 1670 2617 Sophocle
1717 2542 1920 2610 etiam,

155 2637 282 2712 ipso
331 2637 634 2707 insciente,
680 2658 889 2695 venam
945 2641 1239 2714 quandam
1291 2639 1448 2696 illius
1492 2657 1753 2714 poeseos,
1789 2659 1921 2715 quae

157 2735 399 2809 ponitur
423 2736 483 2791 in
517 2733 764 2792 Natnrae
796 2735 1040 2792 deliciis.

243 2830 372 2888 Erit
402 2833 612 2899 etiam,
630 2833 789 2907 quod
819 2832 970 2889 hanc
1010 2833 1365 2889 sententiam
1407 2831 1566 2888 haud
1610 2831 1925 2889 mediocri-

158 2935 251 2984 ter
293 2929 637 2986 confirmare
669 2930 958 2997 videatur,
989 2929 1165 2987 simul
1201 2949 1271 2987 ac
1313 2931 1745 3005 respexerimus
1776 2929 1925 3004 Aja-

159 3043 309 3082 cem.
400 3024 561 3083 Nam
593 3033 655 3082 et
691 3027 752 3082 in
783 3046 853 3083 ea
882 3025 1082 3082 fabula
1121 3025 1518 3101 pulcherrime
1554 3028 1927 3103 conjungun-

160 3128 258 3178 tur
302 3122 551 3179 fortunae
599 3129 661 3179 et
712 3123 960 3180 affectus
1011 3122 1316 3179 hominum
1368 3143 1504 3180 cum
1548 3125 1742 3190 mariS,
1785 3123 1924 3181 lito-

159 3236 308 3286 rum,
337 3218 650 3275 fluviorum
684 3220 987 3276 varietate.
1076 3217 1267 3277 Velut
1298 3220 1417 3287 ubi,
1447 3221 1729 3278 amissum
1759 3240 1928 3296 quae-

160 3324 356 3374 rentes
387 3317 619 3383 ducem,
648 3316 925 3373 invocant
955 3322 1150 3372 nautae
1179 3315 1444 3373 locorum
1475 3315 1699 3375 Genios
1719 3314 1755 3373 ἱ.

690 3424 755 3469 τίς
775 3424 830 3467 ἄν
849 3442 937 3480 μοι,
960 3424 1024 3470 τίς
1044 3420 1099 3467 ἂν

690 3497 944 3553 φιλοπόνων
964 3495 1149 3539 ἁλιαδᾶν

278 3607 304 3639 *¹
332 3608 432 3653 OEd.
461 3611 551 3653 Col.
581 3609 709 3653 1661.
1513 3606 1614 3664 ³Aj.
1637 3608 1743 3652 888,
