2288 4036
196 166 305 222 ’792
357 164 548 217 Manes
572 164 719 235 apud
751 163 1033 235 Viryilium
1059 163 1338 217 viventium
1365 165 1577 218 comites.
1621 183 1782 217 PRAEL.
1802 182 1993 215 xxmx.

197 313 347 382 Quae
377 314 541 391 prius
572 314 759 371 etiam
791 331 870 380 se,
902 310 1195 388 flagrante
1215 312 1347 388 jam
1377 311 1571 388 Troja,

437 415 547 460 Non
569 422 673 459 ante
694 414 837 459 oculis
859 420 955 458 tam
977 414 1110 467 clara,
1133 413 1378 459 videndam

439 486 636 540 Obtulit,
660 494 703 532 et
724 501 839 545 pura
856 502 935 544 per
957 493 1137 531 noctem
1157 487 1258 532 luce
1279 487 1470 541 refulsit,

436 562 573 606 Alma
592 575 771 620 parens,
795 560 1002 605 confessa
1023 560 1185 614 Deam,
1209 562 1443 622 qualisque
1463 562 1606 608 videri

438 635 677 688 Caelicolis,
701 642 745 680 et
767 643 937 695 quanta
958 636 1086 680 solet.

197 729 433 789 Verum
467 727 611 804 quid
644 746 846 785 moror
874 728 935 784 in
960 747 1025 785 re
1048 727 1414 786 manifesta?
1461 727 1638 805 plena
1669 734 1761 786 est
1789 727 1996 786 AEneis

196 826 491 904 ejusmodi
538 825 1094 903 significationibus.
1188 825 1334 884 Non
1388 827 1542 896 dico,
1589 825 1783 904 sylvas
1835 826 1994 902 apud

197 946 335 985 eum
381 933 443 985 et
484 925 662 985 litora
697 925 1070 1003 frequentari
1104 925 1409 1005 Nymphis
1442 926 1807 994 ludentibuS,
1840 925 1998 984 aliis-

197 1045 315 1103 que
345 1027 407 1085 id
439 1045 631 1105 genus
655 1024 847 1095 Divis,
869 1045 1018 1102 quos
1042 1026 1345 1084 minorum
1373 1027 1670 1086 vocabant
1699 1026 1992 1105 gentium.

199 1125 365 1184 Nam
396 1126 547 1184 illud
579 1126 826 1203 quidem
860 1124 1106 1202 Epicuri
1148 1127 1508 1184 commentis
1544 1146 1666 1184 non
1698 1127 1849 1184 adeo
1881 1125 1998 1183 for-

195 1230 357 1281 tasse
408 1222 824 1301 repugnabat:
879 1221 980 1299 qui
1030 1241 1108 1279 ex
1164 1222 1385 1280 sanctis
1435 1221 1706 1281 Deorum
1752 1240 1996 1279 suorum

197 1323 546 1401 corporibus
594 1323 846 1380 minime
894 1322 1157 1400 negabat
1206 1341 1452 1380 manare
1492 1321 1810 1380 simulacra
1841 1340 1999 1397 quae-

198 1425 357 1493 dam,
389 1442 522 1500 quae
566 1422 883 1481 hominum
931 1441 1138 1480 sensus
1179 1421 1486 1480 interdum
1518 1422 1784 1479 ferirent.
1875 1419 1996 1479 Sed

199 1523 476 1582 Numina
516 1522 649 1581 haec
683 1521 1028 1601 Virgiliana
1067 1521 1424 1580 mortalibus
1455 1541 1518 1580 se
1548 1521 1710 1579 ultro
1748 1520 1996 1588 addunt,

195 1643 318 1682 non
363 1624 618 1682 comites
663 1623 865 1693 mod0,
901 1642 1109 1680 verum
1156 1623 1343 1680 etiam
1389 1641 1666 1680 curarum
1709 1627 1772 1679 et
1804 1621 1999 1697 operis

197 1725 489 1801 cujusque
509 1723 849 1801 participes,
893 1721 967 1780 In
989 1741 1061 1780 eo
1086 1729 1416 1790 versantur,
1432 1730 1501 1780 ut
1521 1722 1746 1799 absque
1767 1739 1830 1780 se
1849 1719 2000 1778 nihil

197 1822 396 1881 sinant
437 1823 564 1880 sive
606 1829 783 1880 atrox
829 1841 935 1880 seu
978 1820 1328 1899 praeclarum
1371 1820 1465 1880 vel
1509 1841 1687 1901 agere
1737 1820 1831 1879 vel
1872 1820 2000 1897 pati

197 1919 490 1979 homines.
582 1920 781 1978 Immo
824 1922 986 1998 quod
1027 1922 1102 1979 ad
1137 1920 1358 1980 Manes
1398 1922 1728 1998 praesertim
1760 1919 1999 1986 attinet,

198 2020 598 2079 circumdedit
629 2040 731 2079 eos
764 2020 1061 2100 Virgilius
1102 2021 1388 2081 humanae
1431 2022 1588 2089 vitae,
1622 2019 1790 2079 velut
1821 2038 2002 2097 prox—

196 2118 350 2177 imos
396 2119 688 2196 quosdam
735 2119 1059 2178 custodes:
1115 2138 1254 2177 cum
1299 2138 1421 2177 non
1467 2118 1720 2177 obscure
1766 2118 1999 2188 doceat,

196 2218 609 2293 repraesentari
634 2237 754 2286 eos,
781 2226 843 2275 et
867 2219 1075 2277 adesse
1107 2218 1572 2295 quodammodO,
1597 2216 2000 2295 proficiscenti

197 2317 416 2394 cuique
446 2336 556 2395 per
585 2318 771 2376 densa
801 2325 864 2376 et
895 2318 1197 2395 profunda
1226 2317 1421 2376 loeas:

441 2419 578 2465 Ibant
598 2419 784 2465 obscuri
807 2421 903 2465 sola
925 2420 1012 2466 sub
1034 2428 1168 2466 nocte
1189 2436 1270 2480 per
1289 2421 1518 2474 umbram,

442 2494 619 2555 Perque
641 2494 802 2541 domos
827 2495 948 2541 Ditis
969 2511 1150 2550 vacuas,
1173 2503 1217 2541 et
1238 2496 1391 2542 inania
1411 2511 1581 2555 regna;

444 2569 592 2620 Quale
612 2585 693 2629 per
713 2569 934 2615 incertam
957 2569 1137 2616 Lunam
1159 2570 1246 2616 sub
1267 2571 1369 2616 luce
1390 2570 1591 2630 maligna

444 2644 530 2689 Est
550 2645 635 2689 iter
654 2644 703 2689 in
726 2644 879 2704 sylvis,
902 2645 985 2690 ubi
1006 2646 1169 2690 caelum
1191 2644 1396 2690 condidit
1416 2645 1581 2690 umbra

442 2717 641 2777 Jupiter,
665 2726 709 2763 et
730 2718 868 2764 rebus
890 2734 983 2764 nox
1005 2719 1192 2764 abstulit
1214 2725 1311 2764 atra
1331 2720 1543 2764 colorem.

286 2808 498 2869 Habet
547 2811 735 2870 etiam
787 2810 938 2870 illud
989 2811 1182 2870 Poeta
1228 2810 1647 2888 Pythagoricae
1699 2807 2004 2886 religionis

198 2908 526 2985 proprium,
557 2910 720 2987 quod
762 2909 1123 2968 animalibus
1170 2911 1354 2967 etiam
1396 2909 1630 2967 ratione
1661 2906 2004 2966 carentibus

200 3007 416 3066 tribuit
447 3009 756 3067 interdum
788 3008 884 3085 <ut
914 3010 1101 3087 ipsius
1132 3016 1274 3067 utar·
1299 3008 1521 3087 verbis)

626 3120 803 3171 partem
825 3112 990 3159 divinae
1012 3113 1193 3166 mentis,
1217 3119 1261 3158 et
1281 3113 1475 3158 haustus

447 3184 697 3232 AEtherios.

202 3268 399 3327 Taceo
431 3269 530 3328 hic
563 3271 639 3328 de
670 3272 918 3349 apibus;
967 3273 1071 3330 sed
1104 3271 1287 3330 velim
1332 3271 1739 3340 consideretiS,
1770 3288 1847 3327 an
1883 3267 2006 3326 tale

205 3366 433 3444 aliquid
490 3368 697 3437 lateat,
755 3371 858 3429 ubi
919 3371 1123 3429 avium
1185 3378 1456 3429 catervas
1513 3369 1742 3447 profert
1796 3367 2007 3436 Poeta,

204 3464 375 3525 velut
407 3467 482 3524 ad
514 3468 867 3527 umbrarum
900 3469 1405 3528 similitudinemt.

447 3569 640 3615 Umbrae
661 3569 789 3615 ibant
810 3578 970 3617 tenues
995 3573 1325 3632 simulacraque
1346 3572 1448 3616 luce
1470 3578 1719 3623 carentum,

508 3721 526 3744 ⁵
561 3715 676 3760 AEn.
702 3714 742 3760 6.
770 3715 875 3761 268.
1303 3719 1315 3742 ²
1352 3717 1511 3774 Georq.
1535 3731 1578 3772 4.
1597 3727 1703 3774 472.
