2288 4036
154 172 189 226 7
192 171 264 222 44
353 168 636 240 Viryilium
661 167 947 221 colonorum
975 184 1254 220 sermonem
1279 167 1516 220 imitari:
1573 186 1960 220 PRAEL.XXXV11.

158 319 353 377 voluit
386 337 651 395 unquam
684 316 1020 395 significare
1051 315 1112 374 id
1144 323 1388 393 tempus
1423 335 1606 394 apum
1653 333 1963 373 murmure

158 419 233 476 de
264 437 461 476 messe
494 417 707 475 diurna
738 411 1253 473 decedentiumd?

398 555 576 612 Vesper
595 553 678 598 ubi
699 568 723 597 e
745 559 880 611 pastu
901 551 1086 597 tandem
1109 551 1323 597 decedere
1345 552 1516 610 campis

397 627 669 681 Admonuit,
691 634 793 672 tum
814 633 933 672 tecta
954 634 1132 685 petunt,
1154 633 1257 671 tum
1279 641 1469 684 corpora
1489 631 1677 670 curant:

400 704 471 748 Fit
492 703 686 756 sonitus,
707 708 1009 761 mussantque
1031 716 1133 746 oras
1155 708 1199 746 et
1218 701 1377 745 limina
1397 701 1585 745 circum.

403 778 530 832 Post,
552 777 634 822 ubi
650 778 746 837 jam
767 775 979 821 thalamis
1002 791 1049 821 se
1072 791 1384 835 composuere,
1409 775 1566 820 siletur

403 851 459 896 In
482 857 679 901 noctem,
698 849 934 909 fessosque
952 864 1089 908 sopor
1112 864 1224 894 suus
1246 856 1440 908 occupat
1461 855 1602 894 artus·
1633 906 1637 909 ,

250 970 507 1028 Possum
559 969 758 1027 multa
805 969 1043 1038 addere,
1083 989 1339 1046 quorum
1387 968 1601 1027 eadem
1643 967 1833 1026 ferme
1875 973 1969 1025 est

160 1070 332 1128 ratio,
402 1068 598 1129 Velut
630 1068 735 1126 ubi
767 1067 1183 1126 stomachatur
1206 1067 1671 1144 quodammodO,
1703 1066 1971 1125 referens

162 1187 233 1227 ea
264 1187 396 1245 quae
427 1167 702 1245 frugibus
734 1167 943 1225 obesse
975 1165 1210 1225 soleant
1230 1174 1270 1223 e.

405 1298 502 1343 Nec
524 1305 693 1351 tamen,
710 1297 809 1343 haec
832 1313 938 1343 cum
963 1298 1054 1343 sint
1075 1298 1408 1359 hominumque
1427 1298 1662 1358 boumque
1681 1296 1861 1342 labores
1879 1351 1884 1357 ⁶

405 1372 644 1418 Versando
666 1380 832 1417 terram
854 1374 1040 1432 experti,
1062 1373 1179 1418 nihil
1198 1373 1437 1432 improbus
1459 1388 1606 1426 anser,

409 1447 775 1508 Strymoniaeque
797 1464 950 1507 grues,
974 1456 1018 1493 et
1040 1449 1204 1494 amaris
1226 1448 1385 1508 intyba
1405 1448 1548 1501 fibris,

409 1521 646 1575 Officiunt,
669 1529 748 1566 aut
768 1522 934 1567 umbra
955 1530 1103 1568 nocet.

167 1640 289 1700 Vel
322 1661 459 1718 quae
492 1648 628 1718 post
658 1641 863 1719 paullo
894 1649 1230 1719 sequuntur
1258 1661 1272 1700 :

654 1766 893 1811 Intereunt
915 1775 1117 1827 segetes3
1153 1767 1277 1813 subit
1298 1783 1456 1826 aspera
1478 1769 1619 1827 sylva,

412 1840 671 1900 Lappaeque
692 1841 966 1901 tribulique:
1002 1842 1211 1902 interque
1232 1842 1422 1886 nitentia
1443 1842 1565 1886 culta

413 1914 575 1959 Infelix
597 1916 758 1960 lolium
781 1924 823 1961 et
846 1917 1019 1962 steriles
1043 1916 1339 1962 dominantur
1360 1931 1528 1962 avenae.

169 2033 415 2115 §sylvam
443 2037 605 2112 quod
637 2035 903 2113 appellat
928 2036 1140 2095 vilium
1177 2037 1501 2095 herbarum
1533 2037 1791 2106 turbam,
1815 2038 1975 2114 quod

172 2137 356 2194 etiam
388 2136 450 2192 in
481 2136 708 2212 campis
738 2134 1041 2194 dominari
1070 2137 1172 2206 ait,
1194 2137 1336 2214 ipsis
1367 2137 1458 2194 uti
1492 2137 1730 2195 videtur
1761 2138 1977 2207 verbiS,

173 2256 305 2313 quae
336 2235 498 2294 ultro
530 2246 788 2294 ventura
823 2244 995 2294 erant
1025 2238 1088 2294 in
1118 2244 1390 2295 mentem
1423 2218 1655 2307 colonO,
1689 2257 1829 2296 cum
1859 2237 1979 2297 illis

173 2335 446 2412 pestibus
477 2343 751 2393 cerneret
782 2337 922 2393 anni
954 2355 1123 2413 spem
1155 2336 1429 2414 opprimi.

163 2430 166 2433 ’
265 2433 580 2501 Praeterea,
613 2434 775 2510 quod
806 2434 1078 2512 pluribus
1117 2436 1181 2493 in
1225 2434 1373 2493 loeis
1404 2454 1508 2493 seu
1538 2436 1823 2514 grandius
1855 2437 1981 2495 sive

178 2534 496 2591 demissius
542 2532 825 2609 loquitur,
865 2553 1048 2610 quam
1093 2554 1201 2612 pro
1247 2554 1449 2593 rerum
1485 2535 1747 2612 ipsarum
1791 2535 1984 2614 digni-

179 2641 329 2706 tate,
389 2633 520 2691 fieri
582 2632 940 2692 crediderim
1001 2654 1123 2693 11011
1183 2634 1459 2711 simplici,
1513 2654 1694 2711 quam
1744 2642 1983 2705 vocant,

180 2733 454 2813 εἰρωνείᾳ;
499 2734 646 2810 quin
694 2733 898 2810 potius
939 2734 1381 2793 accommodari
1431 2754 1503 2792 ea
1543 2735 1619 2792 ad
1661 2735 1984 2794 veritatem

180 2834 507 2911 agrestium
542 2852 906 2903 sermonum,
938 2854 1050 2893 neo
1082 2835 1210 2892 sine
1242 2834 1447 2892 dedita
1488 2853 1670 2912 opera
1700 2834 1842 2892 dare
1879 2854 1984 2892 an-

182 2933 430 3010 cipitem
462 2934 765 3010 quendam
812 2954 1062 2993 sonum:
1113 2954 1252 2993 eum
1284 2934 1544 2993 nesciret
1575 2934 1826 2993 fortasse
1856 2934 1985 3010 ipse

186 3032 500 3111 Virgilius,
547 3032 804 3092 lectores
857 3042 1022 3093 certe
1067 3036 1298 3093 nescire
1344 3034 1543 3103 vellet,
1582 3042 1767 3113 quota
1814 3042 1986 3111 parte

185 3133 465 3191 carminis
507 3133 801 3209 ejusmodi
852 3134 1080 3202 luserit,
1124 3142 1309 3211 quota
1353 3155 1491 3193 cum
1540 3135 1876 3213 agrestibus
1923 3154 1988 3192 re

188 3253 256 3291 ae
326 3233 582 3290 veritate
648 3235 918 3292 senserit.
1032 3234 1408 3293 Crediderim
1473 3234 1766 3312 profectO,
1834 3234 1990 3293 sicut

187 3332 358 3389 aiunt
396 3328 877 3389 laudatissimum
919 3332 1093 3390 illum
1131 3332 1475 3411 Hispanum
1522 3334 1704 3392 serias
1744 3334 1990 3391 omnino

190 3449 284 3487 res
324 3448 523 3506 agere,
556 3436 687 3486 tum
726 3450 863 3488 eum
897 3434 1164 3490 maxime
1196 3433 1437 3490 videtur
1481 3432 1728 3490 irridere
1761 3432 1992 3491 somnia

387 3609 403 3635 ⁶
430 3611 589 3667 Geor—9.
613 3627 655 3666 4.
686 3611 784 3655 186.
1397 3622 1416 3644 e
1438 3613 1551 3658 Ibid.
1581 3628 1618 3658 1.
1648 3614 1747 3658 118.
