2288 4036
292 166 400 223 794
538 165 898 219 Proesentium
929 165 1223 218 Nummum
1249 164 1476 235 auyuria
1501 165 1673 217 varia.
1716 183 1878 218 PRAEL.
1896 182 2087 218 xxxlx·

291 322 355 373 et
401 316 754 392 composita,
801 314 1128 371 tenerrimo
1173 327 1308 370 tum
1352 320 1525 370 motu
1571 319 1701 370 tum
1749 333 1934 372 voce:
1982 313 2085 371 sed

289 415 574 491 utrinque
611 413 820 472 adesse
860 411 1158 490 significat
1198 411 1321 468 vim
1360 411 1676 489 plusquam
1718 411 2083 471 mortalium.

292 511 575 589 Utrique,
630 512 678 570 si
727 511 1227 579 animadvertitiS,
1276 518 1447 568 erant
1491 511 1756 589 gemini;
1805 530 1923 587 qua
1966 530 2087 569 una

287 613 556 670 maxime
601 630 666 669 re
711 616 1210 669 converterentur
1253 616 1490 669 mentes
1533 609 1868 679 hominum,
1901 617 1964 668 et
2009 611 2084 669 ad

288 711 778 787 expectationem
825 710 1214 788 erigerentur,
1255 729 1332 767 ne
1377 709 1534 768 forte
1578 710 1910 778 crederent,
1943 729 2083 768 casu

286 827 416 865 rem
477 813 714 865 tantam
775 807 1033 866 evenire.
1155 806 1279 865 Sed
1340 808 1416 865 de
1478 807 1824 866 Laocoonte
1889 807 2085 865 multa

286 906 486 978 multi,
525 890 743 983 quibus
788 907 1132 984 repetendis
1176 906 1358 965 hodie
1404 907 1782 984 supersedeo.
1872 904 2083 964 Unum

286 1006 436 1065 illud
484 1025 730 1065 monere
776 1005 992 1064 liceat:
1041 1013 1113 1064 ut
1159 1007 1560 1065 concedamus
1606 1005 1907 1083 scripsisse
1944 1004 2085 1064 Vir-

285 1106 499 1186 gilium
559 1106 636 1165 ab
697 1107 939 1184 egregia
997 1112 1199 1165 statua
1258 1107 1561 1174 edoctum,
1611 1104 1819 1163 multis
1879 1112 2086 1163 tamen

285 1206 528 1284 punctis
587 1207 853 1283 superari
904 1226 940 1264 a
989 1205 1183 1263 Poeta
1243 1204 1651 1283 sculptorem3
1719 1223 1825 1263 seu
1887 1205 2084 1263 verius

286 1305 537 1362 fortasse
580 1304 797 1374 dicam,
829 1305 906 1363 ab
946 1311 1075 1363 arte
1116 1311 1348 1363 artem:
1395 1323 1536 1362 cum
1569 1303 1696 1361 haec
1727 1304 2083 1362 acerrimum

285 1405 467 1462 modo
488 1403 708 1462 doloris
734 1423 974 1463 sensum
1000 1403 1268 1482 potuerit
1292 1403 1648 1480 exprimere,
1668 1402 1772 1461 illa
1794 1404 2084 1462 universae

284 1502 370 1559 rei
417 1502 709 1560 infuderit
755 1502 1078 1560 obscurum
1124 1503 1427 1579 quendam
1474 1501 1801 1571 horrorem,
1846 1500 2084 1580 Deique

284 1603 487 1661 nescio
519 1602 706 1679 cujus,
738 1603 875 1660 irati
912 1609 1078 1661 certe
1109 1609 1172 1661 et
1202 1602 1528 1679 praesentiS,
1558 1601 1898 1679 augurium.

371 1701 676 1772 Quoniam
722 1708 930 1760 autem
975 1702 1298 1760 incidimus
1342 1702 1406 1758 in
1448 1701 1778 1759 draconum
1826 1702 2086 1759 mentio-

283 1820 442 1870 nem,
464 1801 675 1880 religio
701 1801 858 1860 foret
888 1800 1286 1879 praetereunti
1309 1800 1568 1859 alterum
1599 1800 1773 1858 illum
1803 1821 2082 1880 anguem,

284 1902 532 1959 innoxio
578 1901 938 1979 placidoque
984 1901 1171 1979 lapSU,
1204 1900 1498 1959 libantem
1541 1900 1723 1977 dapes
1768 1901 1843 1959 ad
1882 1908 2085 1959 tumu-

284 2000 411 2058 lum
437 2000 745 2071 Anchisae,
770 2002 988 2060 deinde
1018 2001 1131 2079 ipsi
1163 2000 1402 2059 tumulo
1435 2000 1879 2060 succedentem.
1945 2001 2084 2071 Quo

283 2108 626 2180 conspectO,
657 2101 917 2160 AEneasx

646 2225 794 2284 magis
815 2225 1021 2283 inceptos
1044 2224 1239 2284 genitori
1259 2225 1483 2269 instaurat
1503 2224 1717 2278 honores,

526 2299 751 2352 Incertus,
777 2298 1036 2344 Geniumne
1056 2299 1160 2352 loci,
1186 2299 1484 2345 Famulumve
1504 2298 1705 2358 parentis

529 2374 643 2419 Esse
664 2380 809 2432 putet.

370 2492 593 2569 Ecquis
624 2511 746 2549 non
776 2490 876 2550 hic
909 2490 1230 2550 Platonem
1265 2492 1533 2551 sentiat?
1578 2511 1719 2551 cum
1749 2512 1872 2550 non
1901 2494 2083 2551 modo

282 2594 398 2653 loci
419 2594 524 2652 sed
543 2592 805 2651 hominis
819 2612 1059 2670 quoque
1077 2593 1353 2650 nominet
1366 2591 1559 2651 Poeta
1570 2591 1835 2651 Genium
1860 2612 1967 2651 seu
1989 2600 2085 2651 tu-

280 2703 495 2763 torem,
513 2693 898 2770 eundemque
921 2698 1059 2770 post
1081 2700 1343 2750 mortem
1368 2693 1590 2751 sanctis
1612 2691 1908 2769 bonisque
1931 2693 2082 2763 viris,

281 2793 473 2872 qualis
520 2799 648 2851 erat
680 2790 1000 2860 AnchiseS‚
1047 2790 1346 2869 significat
1391 2790 1520 2849 fore
1567 2791 1930 2861 Famulum;
1977 2811 2083 2852 seu

280 2894 638 2952 Daemonem
671 2893 873 2968 potius
905 2909 1045 2948 cum
1078 2889 1330 2948 Socrate
1362 2890 1665 2967 appellare
1696 2889 1861 2949 velis.

369 2993 549 3062 Quid,
584 2992 743 3069 quod
793 2990 1098 3048 Naturam
1143 2990 1335 3067 ipsam
1381 2989 1527 3047 facit
1571 2989 1895 3067 aliquando
1941 3009 2080 3048 cum

278 3091 625 3151 hominibus
686 3089 950 3149 sentire?
1018 3089 1180 3165 quod
1234 3089 1393 3166 apud
1447 3107 1588 3146 eum
1649 3097 1903 3147 externa
1954 3088 2080 3147 haec

278 3210 480 3250 rerum
513 3190 696 3248 facies
726 3189 978 3246 mirifice
1021 3187 1174 3246 solet
1218 3188 1581 3265 respondere
1611 3187 2080 3266 cogitationibus

278 3288 550 3349 intimis?
598 3288 761 3358 Quid
814 3287 1013 3356 velim,
1071 3287 1329 3345 doceant
1375 3287 1806 3365 elegantissimi
1856 3306 2078 3355 verSUS‚

279 3389 497 3472 quibus
527 3388 603 3446 ad
630 3386 872 3445 Italiam
899 3387 1094 3463 primo
1119 3387 1441 3444 deducitur
1464 3384 1711 3444 AEneas.
1767 3385 1863 3444 Sit
1889 3386 2080 3454 venia,

1008 3609 1034 3632 ¹
1066 3602 1181 3646 AEn.
1210 3613 1254 3659 5.
1277 3616 1351 3660 94.
