2288 4036
146 262 301 296 PRAEL.
321 259 468 294 xxv1.
534 241 759 307 Quonam
783 240 828 292 is
852 240 1022 292 animo
1047 237 1406 309 rempublicam
1430 238 1674 308 attiyerit.
1786 240 1896 294 537

318 388 510 445 ἀμπνοὰν
530 387 566 431 δ’
589 387 722 444 ἥρωες
742 387 936 430 ἕστασαν
957 385 1056 429 θεοῦ
1079 384 1270 442 σάμασιν

317 459 551 517 πιθόμενοι·
585 458 739 515 κάρυξε
760 457 795 502 δ’
818 459 962 502 αὐτοῖς

319 532 523 588 ἐμβαλεῖν
543 533 727 574 κώπαισι
748 531 1028 587 τερασκόπος,
1049 528 1192 574 ἁδεῖας
1213 528 1392 572 ἐνίπτων
1413 526 1607 574 ἐλπίδας·

318 604 482 662 εἰρεσία
503 602 538 647 δ’
561 603 843 660 ὑπεχώρησεν
862 604 1037 659 ταχειᾶν
1058 602 1104 644 ἐκ
1124 603 1327 657 παλαμᾶν
1348 600 1518 657 ἄκορος.

146 704 318 772 Illud,
337 705 696 783 ὑπεχώρησεν,
718 704 1037 760 advertatis
1068 703 1242 761 velim
1271 722 1285 771 ;
1326 704 1543 778 quippe
1567 702 1722 777 quod
1755 721 1893 759 eum

146 800 401 857 declaret
439 802 796 876 scriptorem,
830 802 927 875 qui
960 799 1143 857 oculis
1175 801 1371 875 potius
1401 818 1579 874 quam
1618 798 1894 856 manibus

144 897 453 973 remigium
497 898 760 966 noverit3
805 898 960 972 quod
1003 904 1207 953 contra
1248 897 1500 953 vidimus
1544 895 1893 971 plerumque

143 996 295 1068 apud
332 994 674 1070 AEschylum
722 1013 813 1051 res
856 995 1180 1051 maritimas
1224 994 1309 1050 ita
1352 993 1587 1059 narrari,
1633 999 1702 1048 ut
1742 994 1893 1050 scias

143 1089 330 1144 virum
374 1108 491 1144 non
534 1090 711 1146 modo
755 1090 1074 1166 navigasse,
1106 1090 1208 1146 sed
1240 1090 1421 1145 etiam
1458 1088 1711 1146 brachiis
1756 1089 1892 1156 suis,

141 1192 209 1242 ut
237 1186 320 1242 ita
349 1186 556 1252 dicam,
587 1186 880 1261 pepulisse
910 1206 1157 1243 remum.

224 1281 500 1339 Diximus
530 1283 604 1339 de
634 1284 848 1351 favore,
870 1303 986 1359 quo
1016 1283 1391 1359 prosequitur
1415 1281 1703 1339 Pindarus
1728 1282 1894 1358 AEgi-

139 1399 293 1447 nam,
306 1380 521 1455 quippe
540 1387 669 1435 tum
688 1379 1022 1437 Thebarum
1043 1399 1280 1438 suarum
1300 1379 1736 1454 quodammodo
1756 1398 1890 1456 cog-

139 1484 355 1541 natam,
380 1484 507 1532 tum
539 1477 811 1552 hospitio,
833 1478 879 1535 si
901 1484 1063 1535 recte
1085 1476 1446 1553 conjicimus,
1471 1477 1580 1533 sibi
1611 1478 1893 1551 conjunc-

138 1580 277 1630 tam.
354 1572 699 1630 Proximum
729 1574 803 1631 ab
832 1574 923 1631 his
953 1581 1097 1641 erat,
1128 1582 1196 1631 ut
1225 1593 1412 1650 pauca
1440 1573 1757 1649 adjicerem
1789 1593 1892 1631 cu-

137 1668 282 1724 muli
313 1668 442 1726 loco
467 1671 540 1727 de
571 1689 801 1727 summa
823 1672 947 1746 ejus
978 1672 1300 1738 sentent-iae,
1321 1671 1478 1746 quod
1509 1670 1581 1727 ad
1614 1670 1891 1746 rempub-

137 1764 309 1822 licam
335 1768 558 1842 optime
580 1768 898 1844 gerendam
922 1769 1156 1825 attinet.
1219 1767 1359 1824 Fuit
1378 1767 1671 1830 videlicet,
1696 1776 1763 1824 ut
1787 1767 1889 1824 de-

136 1863 259 1919 cuit
278 1863 639 1931 Thebanum,
661 1865 721 1921 in
753 1865 1129 1940 optimatium
1159 1872 1355 1940 partes
1385 1865 1759 1940 propensior;
1803 1865 1889 1922 ita

135 1964 353 2025 tamen,
384 1968 453 2017 ut
482 1960 646 2017 nulla
675 1961 957 2037 religione
989 1962 1363 2037 optimatium
1397 1979 1633 2036 quoque
1664 1980 1889 2018 errores

136 2056 341 2132 saepius
385 2057 764 2133 redarguerit.
854 2057 1085 2116 Verum
1126 2058 1415 2133 exemplis
1458 2057 1572 2114 hoc
1617 2065 1888 2134 tempore

135 2154 500 2229 supersedeO,
525 2155 743 2211 rectius
773 2155 1017 2212 fortasse
1046 2155 1410 2212 reservandis
1441 2156 1514 2212 ad
1546 2161 1885 2213 extremum

135 2258 313 2326 caput
357 2250 679 2309 Pindaricae
724 2251 897 2327 hujus
944 2272 1150 2310 causae.
1238 2251 1437 2311 Video
1490 2252 1647 2309 enim
1693 2272 1769 2309 ex
1814 2254 1887 2310 iis

135 2366 262 2422 quae
292 2349 652 2423 suscepimus
682 2349 828 2405 illud
858 2351 986 2424 jam
1016 2368 1202 2406 unum
1233 2367 1552 2424 superesse,
1578 2356 1646 2405 ut
1678 2350 1887 2408 docea-

133 2462 283 2511 mus,
303 2443 590 2502 Pindarus
609 2465 725 2519 quo
751 2465 915 2502 more
938 2446 1123 2503 soleat
1148 2446 1238 2502 uti
1261 2445 1538 2502 libertate
1567 2445 1684 2512 illa,
1704 2465 1884 2521 quam

134 2540 380 2608 vatibus,
414 2540 637 2616 Lyricis
666 2543 885 2617 pariter
913 2562 982 2599 ac
1013 2541 1289 2609 SceniciS,
1316 2542 1720 2599 concedebant
1760 2542 1886 2618 ple-

133 2656 380 2713 rumque
414 2639 586 2713 prisci
623 2639 925 2707 homines;
970 2638 1309 2696 libertatem
1354 2659 1485 2696 eam
1531 2640 1662 2697 dico
1708 2647 1769 2697 et
1813 2640 1883 2696 li-

134 2735 404 2800 centiam,
437 2742 505 2791 ut
540 2735 697 2792 cives
740 2737 1045 2811 primarios
1089 2738 1361 2811 ipsosque
1406 2738 1553 2793 adeo
1583 2736 1885 2813 Tyrannos

133 2830 254 2887 sive
298 2831 371 2887 de
414 2832 588 2889 rebus
635 2834 782 2890 actis
825 2833 1342 2908 reprehenderent,
1374 2834 1495 2890 sive
1532 2833 1606 2889 de
1640 2833 1884 2910 agendis

131 2934 456 2984 monerent.
545 2928 679 2996 Quo
709 2929 769 2984 in
800 2936 1150 3004 argumento
1181 2929 1320 2986 satis
1350 2929 1672 3004 apparebit,
1699 2929 1880 2985 etiam

132 3023 192 3078 in
226 3024 295 3080 iis
329 3044 462 3099 quae
501 3026 574 3082 ad
619 3026 1044 3101 rempublicam
1089 3025 1407 3100 pertinent,
1439 3026 1513 3082 ad
1549 3036 1880 3082 extremam

131 3134 315 3192 usque
362 3125 728 3176 senectutem
777 3121 1031 3196 viguisse
1088 3119 1343 3196 pueriles
1396 3119 1635 3176 Pindari
1694 3120 1879 3177 nostri

133 3229 350 3281 sensus,
384 3216 703 3290 patriaeque
755 3235 1017 3273 amorem
1069 3222 1279 3292 sponte
1328 3235 1449 3272 non
1492 3222 1620 3272 arte
1670 3235 1880 3273 accen-

132 3324 277 3364 sum.

215 3401 488 3479 Denique
526 3414 595 3464 ut
633 3427 752 3465 uno
789 3409 969 3466 verbo
1005 3409 1334 3485 expediam,
1366 3427 1483 3484 quo
1515 3427 1748 3465 summa
1778 3407 1883 3464 ho-

132 3497 316 3555 dierni
368 3504 653 3561 sermonis
696 3506 941 3562 tendere
985 3506 1291 3574 videatur3
1341 3524 1558 3581 magna
1601 3504 1729 3561 laus
1771 3511 1879 3570 est,

131 3593 275 3650 mihi
319 3597 556 3665 credite,
602 3597 968 3670 Academici,
1014 3621 1244 3679 magna,
1286 3603 1546 3677 inquam,
1586 3619 1655 3658 ac
1698 3618 1879 3675 prope
