2288 4036
1045 259 1408 311 INDEX.

263 385 465 454 Lus-arus
496 385 732 438 Evocatus,
768 385 984 429 Rubensii
1016 387 1182 440 tabula,

323 460 382 488 111.
401 458 473 502 30.

264 503 512 604 Lectionegm
542 502 763 560 primariis
793 516 886 546 non
916 503 1181 555 nocituram,

322 575 410 604 xvi.
430 574 454 603 2
488 575 530 605 0.

264 618 495 662 Lectorum
535 618 690 662 eadem
730 619 811 662 erit
847 620 1038 676 partitio,
1081 635 1181 678 quae

324 677 605 734 scriptorum,
636 678 695 721 iv.
724 693 796 732 44.
835 685 878 721 et
914 679 1180 736 scriptorum

325 735 507 779 affectus
530 735 820 788 commisceri,
843 737 960 780 xxxi.
978 737 1078 794 643.

264 793 398 849 Leyis
429 794 615 838 verbum
651 794 758 852 quid
791 794 875 838 sibi
906 796 1025 847 velit,
1053 796 1182 853 juxta

326 852 599 904 Ciceronem,
635 853 740 896 xxii.
770 867 872 910 431.
906 853 1082 905 divinae,
1110 855 1181 898 vel

325 911 419 953 sine
445 911 628 962 ratione,
657 911 740 962 vis,
763 925 866 968 433.
898 912 1030 955 etiam
1061 911 1181 969 apud

325 968 446 1011 Deos
468 969 719 1021 auctoritas,
741 970 861 1013 xxiii.
885 970 986 1028 463.

266 1026 462 1070 Lemneae
481 1028 701 1079 mulieres,
723 1028 812 1071 xxi.
836 1040 938 1086 395.

265 1085 456 1128 Leonum
490 1086 763 1129 mentionem
790 1086 987 1131 Asiatico
1021 1102 1181 1131 conve-

324 1143 432 1195 nire,
464 1159 507 1186 x.
536 1145 633 1199 148.
675 1144 927 1188 Homerum
957 1160 1008 1189 ea
1039 1145 1182 1189 delec-

322 1202 419 1253 tari,
439 1216 537 1260 149.
570 1202 624 1246 de
651 1204 801 1246 leaenae
830 1205 976 1248 catulo
1005 1219 1183 1247 carmen

326 1260 634 1318 AEschyleum,
655 1261 744 1303 xix.
763 1275 834 1319 34.

263 1318 479 1384 Leporum
520 1319 640 1376 apud
671 1320 951 1378 AEschylum
982 1320 1183 1378 auguria,

323 1391 411 1419 x1x.
491 1392 533 1431 4.

263 1388 630 1501 Lernfggffiprata,
671 1449 752 1479 cur
790 1435 854 1480 ibi
894 1443 1080 1495 vagetur
1117 1437 1183 1490 Io,

323 1508 443 1536 xxm.
461 1508 563 1551 443.

266 1551 570 1595 Liberatorum
596 1551 839 1603 hominem,
866 1553 1084 1612 AEschylo
1108 1554 1183 1612 ju-

324 1609 434 1676 dice,
456 1625 610 1667 poenas
638 1611 921 1668 gravissimas
949 1613 1184 1665 luiturum,

325 1683 446 1712 xvm.
464 1683 516 1726 31
528 1682 566 1712 1.

264 1725 427 1793 Libros
459 1726 772 1829 8multiplicari,
824 1728 932 1772 utile
978 1727 1182 1780 Poeticae,

324 1800 412 1829 xvl.
430 1799 453 1828 2
492 1799 530 1828 1.

264 1843 418 1900 Libyoe
438 1851 635 1901 pastores
657 1850 866 1895 errantes,
887 1844 1052 1888 xxxvii.
1078 1857 1178 1903 747.

263 1901 411 1958 Liqna
430 1903 477 1945 in
500 1902 581 1946 Ida
601 1917 728 1953 caesa,
750 1918 794 1946 x.
814 1901 911 1956 164.

263 1960 402 2004 Limoe
424 1961 610 2004 laborem
631 1975 735 2004 cum
760 1961 919 2005 animis
947 1962 1183 2006 commotis

325 2033 583 2077 congruere,
605 2019 664 2063 vi.
685 2031 756 2077 74.

264 2076 449 2120 Limites
465 2078 749 2135 assignantur
767 2077 954 2120 Homeri
973 2077 1183 2135 tempori-

323 2135 424 2188 bus,
445 2137 534 2180 xvi.
551 2135 607 2179 26
642 2169 651 2179 .

265 2193 408 2237 Linus
448 2201 492 2237 et
528 2194 625 2251 Orp
659 2209 738 2238 eus
780 2208 860 2237 cur
902 2194 949 2240 in
985 2192 1185 2238 Pollione

326 2252 627 2304 nominentur,
649 2252 799 2296 xxxix.
817 2253 916 2312 787.

265 2313 444 2366 Λιτότης
465 2311 672 2363 Lucretii,
693 2326 826 2355 xxxv.
845 2310 946 2369 699.

265 2368 481 2414 Locorum
514 2369 770 2413 admonitus
821 2368 941 2426 apud
989 2375 1183 2426 agrestes

324 2427 641 2479 validissimus,
656 2428 702 2471 ii.
724 2441 791 2483 19.
825 2427 1025 2470 adhiberi
1039 2434 1185 2483 potest

323 2486 433 2529 locis
463 2486 572 2542 ipsis
600 2485 804 2531 nondum
829 2486 950 2537 visis,
972 2486 1062 2528 xxi.
1081 2487 1182 2543 398.

324 2543 453 2588 valde
474 2545 742 2588 commoveri
763 2558 814 2587 eo
838 2543 1042 2587 foeminas
1064 2543 1185 2600 apud

326 2602 608 2660 AEschylum,
656 2602 779 2645 xxiii.
822 2613 924 2659 454.
985 2602 1186 2645 locorum

327 2675 475 2704 amore
512 2661 709 2717 captivos
745 2667 788 2703 et
825 2660 998 2703 exsules
1030 2660 1184 2712 teneri,

326 2719 476 2763 xxviii.
497 2730 599 2776 572.
631 2720 728 2762 loca
747 2718 891 2775 primo
913 2718 1114 2763 adamata
1134 2718 1185 2762 fi-

327 2777 390 2820 eri
421 2777 589 2820 caeteris
617 2778 852 2833 exemplar,
882 2777 1063 2820 xxxviii.
1084 2787 1184 2836 771.

327 2834 487 2878 deinde
509 2837 644 2879 semel
664 2842 839 2881 tantum
861 2835 970 2886 visa,
990 2846 1089 2893 774.
1113 2849 1186 2878 eo-

325 2908 428 2937 rum
456 2894 582 2945 ratio,
636 2908 704 2937 uae
732 2893 937 2937 nondum
958 2894 1053 2938 visa
1074 2894 1186 2936 cele-

327 2951 525 3003 bramus,
550 2962 603 3009 77
640 2985 650 2995 .

268 3010 460 3066 Lonyim'
500 3010 554 3053 de
597 3009 816 3068 Odysseia
849 3009 1084 3068 judicium,
1125 3010 1186 3054 ix.

332 3067 429 3112 168.
463 3068 517 3112 de
537 3069 671 3113 rebus
692 3069 740 3112 in
760 3068 904 3113 Antro
928 3068 1187 3128 Polyphemi

328 3126 479 3184 gestis,
501 3138 598 3184 173.

269 3185 516 3242 Lotophayi
536 3184 858 3236 meridionales,
880 3185 940 3228 xi.
963 3186 1060 3229 181.

270 3243 510 3295 Lowthius,
531 3243 560 3286 i.
575 3254 618 3301 5.
652 3243 865 3287 'udicium
886 3244 980 3301 ejus
1003 3243 1057 3287 de
1078 3258 1187 3301 qua-

332 3301 434 3345 dam
450 3301 633 3345 similitu
668 3302 737 3345 'ne
752 3301 1004 3353 Homerica,
1021 3317 1064 3344 x.
1088 3312 1186 3358 153.

269 3359 477 3461 Luclaugus
501 3360 646 3418 aliqua
673 3375 727 3404 ex
753 3366 876 3417 parte
898 3360 1185 3416 Virgilianus,

329 3433 360 3460 x
381 3450 390 3460 .
442 3431 516 3462 02.

270 3475 443 3519 Lucani
481 3476 617 3520 verba
655 3483 899 3534 ponuntur,
935 3491 978 3520 v.
1013 3475 1084 3521 66.
1125 3476 1184 3520 ix.

336 3547 355 3576 1
392 3543 434 3587 5.

272 3548 503 3637 Itucci-etius
543 3591 598 3636 de
632 3599 776 3636 morte
818 3592 1076 3650 Iphigeniae,
1111 3609 1184 3637 xx.

331 3649 432 3706 362.
466 3649 558 3694 suis
583 3665 675 3694 non
703 3665 970 3708 magnopere
992 3651 1184 3695 confide-

332 3710 420 3759 bat,
456 3723 560 3751 xxx.
594 3708 694 3754 620.
727 3709 848 3753 venit
887 3716 1098 3767 tanquam
1141 3710 1186 3753 in

2072 261 2181 313 837

1327 387 1470 432 AEsch
1500 388 1532 431 li
1559 388 1723 439 locum,
1746 386 1846 430 621.
1878 386 1996 430 viam
2023 385 2063 428 ei
2082 399 2182 428 mu-

1325 446 1437 490 nivit
1491 446 1759 503 mpedocles,
1773 443 2010 501 xxxi.634.
2042 443 2182 500 ipsius

1327 504 1381 548 de
1401 520 1452 548 eo
1479 519 1669 556 carmen,
1687 503 1788 560 635.
1822 503 1916 560 ejus
1945 509 1987 545 et
2008 501 2184 558 Virgilii

1327 563 1578 615 discrimen,
1606 563 1740 605 xxxii.
1759 561 1861 619 647.
1892 560 2072 604 xxxviii.
2097 559 2183 617 760

1327 636 1447 679 seqq.
1481 621 1715 672 Naturam,
1732 621 1854 665 velut
1875 618 2059 676 adytum
2076 633 2182 661 con-

1324 679 1541 736 templari,
1560 679 1694 723 xxxii.
1709 678 1809 732 648.
1841 678 1927 721 fuit
1946 677 2008 719 illi
2028 677 2182 733 praeci-

1324 753 1442 795 puus
1471 738 1656 781 Naturae
1684 752 1822 787 amor,
1852 735 1952 793 649,
1975 733 2060 792 659
2084 749 2181 792 sqq.

1328 797 1460 840 etiam
1483 811 1575 840 suae
1597 795 1903 853 philosophiae,
1926 793 2028 850 650.
2067 800 2184 837 caret

1323 855 1516 899 ludentis
1558 855 1715 911 specie,
1750 853 1855 897 ibid.
1903 867 1983 896 cur
2018 852 2183 908 Epicu-

1324 926 1426 956 rum
1448 913 1729 964 adamaverit,
1747 912 1882 955 xxxii.
1898 910 1999 968 657.
2030 910 2180 953 xxxiii.

1325 971 1427 1028 663.
1459 972 1553 1028 ipse
1572 971 1699 1014 docet
1720 985 1800 1014 cur
1817 970 2061 1026 Epicureus
2083 983 2183 1012 eva-

1325 1030 1444 1081 serit,
1478 1030 1613 1073 xxxii.
1640 1029 1741 1086 658.
1787 1029 1993 1072 facilitate
2028 1026 2183 1084 praeci-

1324 1103 1457 1145 puus,
1488 1087 1589 1131 661.
1621 1102 1753 1145 parea
1785 1085 2044 1143 supellectili
2077 1100 2183 1128 con-

1327 1153 1491 1198 tentus,
1515 1147 1665 1189 xxxiii.
1685 1145 1786 1203 672.
1820 1160 1900 1189 cur
1921 1144 2120 1188 nubibus
2141 1150 2185 1186 et

1329 1205 1463 1263 sylvis
1480 1205 1636 1247 eximie
1654 1204 1907 1254 delectetur,
1926 1201 2026 1260 673.
2058 1202 2183 1246 novi-

1327 1270 1416 1306 tate
1449 1278 1624 1321 quoque
1657 1277 1749 1306 suae
1780 1262 1939 1318 operis,
1962 1259 2063 1318 676.
2099 1275 2185 1303 nu-

1327 1322 1449 1365 mina
1478 1322 1635 1372 rarius,
1665 1321 1752 1363 nisi
1781 1320 2010 1378 sylvestria
2040 1319 2185 1362 nomi-

1327 1388 1418 1432 nat,
1445 1379 1546 1437 677.
1580 1379 1862 1435 componitur
1889 1392 1994 1421 curn
2022 1377 2185 1428 Dante,

1328 1437 1430 1495 678.
1462 1438 1598 1494 impia
1633 1438 1727 1494 ejus
1765 1436 1960 1480 carmina
1996 1437 2067 1479 vel
2102 1435 2186 1492 piis

1327 1497 1512 1553 placere,
1534 1496 1683 1539 xxxiv.
1702 1494 1804 1538 682.
1826 1509 2055 1552 nunquam
2072 1508 2097 1536 a
2111 1493 2186 1536 Ci-

1328 1569 1486 1598 cerone
1505 1555 1553 1597 in
1578 1553 1894 1610 philosophicis
1914 1552 2185 1603 nominatur,

1328 1612 1429 1670 683.
1462 1613 1544 1656 etsi
1566 1612 1837 1656 carminibus
1859 1612 1900 1654 ei
1920 1617 2053 1654 notus
2077 1617 2184 1662 erat,

1328 1671 1429 1726 684.
1461 1678 1609 1714 mente
1635 1678 1806 1727 captus,
1833 1669 1918 1726 685
1951 1684 2047 1727 sqq.
2081 1683 2186 1713 con-

1326 1730 1476 1774 venire
1508 1745 1611 1773 cum
1648 1744 1699 1773 ea
1739 1729 1992 1786 conjectura
2025 1727 2189 1783 scripta

1328 1788 1438 1846 ejus,
1461 1787 1548 1831 686
1570 1803 1666 1846 sqq.
1700 1786 1787 1845 690
1808 1801 1904 1844 sqq.
1937 1785 2041 1829 inde
2068 1785 2187 1828 miti-

1327 1847 1422 1904 gari
1456 1846 1693 1903 impietatis
1728 1846 1822 1903 ejus
1859 1845 2051 1901 culpam,
2084 1843 2186 1901 689.

1327 1920 1462 1948 xxxv.
1499 1904 1600 1962 696.
1652 1904 1844 1961 plurima
1891 1902 2040 1953 habet,
2087 1916 2187 1960 quae

1329 1963 1487 2007 Pietati
1518 1963 1774 2013 inserviant,
1808 1961 1909 2018 698.
1953 1968 2046 2004 tam
2085 1961 2188 2006 vitae

1359 2037 1464 2065 uam
1496 2021 1736 2078 voluptatis
1771 2027 1935 2063 sortem
1975 2019 2187 2075 deplorat,

1329 2037 1578 2137 698—702.
1612 2079 1738 2123 dolor
1758 2079 1853 2135 ejus
1869 2092 2015 2128 verus,
2035 2077 2190 2120 solatia

1323 2138 1490 2196 jejuna,
1515 2149 1614 2195 702.
1649 2138 1859 2180 clausulae
1887 2137 1981 2193 ejus
2003 2136 2188 2178 Poema-

1329 2197 1386 2240 tis
1408 2197 1534 2248 ratio,
1560 2207 1659 2254 703.
1691 2195 1838 2239 verbis
1850 2195 1966 2237 tollit
1983 2194 2119 2245 Deos,
2141 2208 2189 2236 re

1329 2254 1660 2315 quodammodo
1688 2253 1826 2310 ponit,
1852 2263 1950 2310 707.
1982 2252 2029 2295 in
2055 2252 2188 2295 ratio-

1330 2313 1520 2357 cinando
1549 2312 1950 2370 ingeniosissimus,
1982 2311 2081 2368 708.
2114 2325 2188 2355 ve-

1326 2372 1502 2418 ritatem
1536 2386 1626 2414 non
1660 2370 1919 2427 posthabuit
1954 2368 2188 2420 facundiae,

1331 2440 1431 2488 709.
1465 2431 1567 2488 styli
1590 2430 1684 2487 ejus
1706 2429 1838 2480 nitor,
1858 2439 1957 2485 712.
1990 2442 2078 2485 qua
2098 2427 2188 2484 sig-

1328 2488 1578 2531 nificatione
1609 2486 1835 2530 interdum
1868 2501 1914 2529 se
1951 2484 2185 2536 collaudet,

1328 2546 1435 2591 ibid.
1476 2561 1635 2589 manus
1670 2543 2001 2603 quodammodo
2035 2543 2188 2587 tende-

1329 2604 1405 2648 bat
1445 2605 1492 2648 in
1543 2604 1743 2662 adytum,
1780 2614 1881 2660 713.
1939 2617 2028 2660 quo
2070 2616 2188 2645 anno

1331 2670 1519 2706 mortem
1563 2662 1649 2705 sibi
1689 2660 1963 2712 consciverit,
2005 2660 2187 2704 xxxviii.

1332 2721 1432 2780 760.
1465 2719 1717 2779 aliquando,
1748 2719 1825 2762 sed
1845 2720 2002 2770 rarius,
2023 2719 2190 2762 laetiore

1331 2794 1445 2823 sono
1458 2777 1733 2837 loquitur‚76
1737 2792 1777 2821 2.
1795 2791 2026 2835 nunquam
2039 2777 2188 2833 pueri-

1328 2838 1437 2881 tiam
1470 2838 1636 2889 recolit,
1662 2836 1762 2894 765.
1793 2837 1994 2879 locorum
2027 2835 2189 2878 lubens

1330 2896 1619 2947 obliviscitur,
1643 2905 1743 2952 779.
1777 2909 1855 2951 spe
1876 2893 2188 2952 qualicunque,

1330 2969 1423 2998 non
1471 2954 1697 3004 memoria,
1741 2952 1844 2996 duci
1884 2967 2003 3003 eum,
2037 2951 2187 2994 xxxix.

1271 3071 1471 3115 Lucretii
1502 3070 1636 3115 verba
1668 3075 1912 3128 ponuntur,
1945 3069 1990 3112 ii.
2010 3068 2078 3112 18.
2112 3068 2187 3112 xii.

1336 3130 1433 3187 198.
1466 3145 1539 3172 xx.
1555 3128 1657 3186 362.
1680 3129 1814 3173 xxvii.
1831 3142 1934 3185 540.
1961 3143 2067 3171 xxx.
2085 3126 2187 3170 620.

1331 3188 1495 3231 xxxvii.
1515 3188 1615 3245 758.

1271 3246 1412 3290 Lucri
1452 3248 1659 3297 cultores,
1709 3259 1951 3303 quamnam
1997 3243 2190 3289 habeant

1335 3303 1571 3356 Poeticam,
1593 3304 1685 3347 xiii.
1710 3317 1810 3347 220.

1270 3362 1423 3405 Luctoe
1444 3362 1611 3419 peritus
1635 3361 1870 3412 Pindarus,
1890 3360 2010 3404 xxiv.
2027 3360 2129 3417 483.

1270 3421 1403 3472 Ludi,
1425 3421 1644 3464 bellorum
1664 3421 1900 3476 exemplar,
1923 3419 1981 3462 ix.
2001 3432 2114 3476 139..

1270 3479 1490 3522 Lusciniae
1511 3487 1684 3530 cantus,
1709 3479 1840 3522 variae
1863 3476 1918 3520 de
1938 3491 1989 3520 eo
2013 3484 2189 3520 senten-

1327 3537 1414 3589 tiae,
1451 3538 1542 3581 xix.
1572 3552 1673 3595 341.
1719 3550 1836 3579 nova
1870 3535 2028 3587 naenia,
2070 3533 2190 3592 apud

1331 3594 1575 3653 Supplices,
1590 3595 1710 3650 xxiii.
1733 3605 1835 3651 455.

1271 3653 1416 3696 Lusus
1448 3653 1724 3705 PindaricuS,
1762 3652 1887 3695 initio
1925 3651 2187 3703 carminum,

1329 3712 1447 3756 xxvi.
1466 3713 1567 3769 518.
