2288 4036
280 190 388 243 720
762 186 981 238 Horatii
1007 186 1068 237 de
1098 185 1318 255 Viryilio
1330 185 1618 253 judicium.
1715 204 1875 237 PRAEL.
1896 204 2082 237 xxxv1.

278 351 414 389 cere
456 331 518 387 in
562 330 886 406 Epicorum
921 336 1126 386 vatum
1168 329 1456 387 concilio:
1515 349 1654 387 cum
1699 331 1854 388 bene
1899 331 2083 388 senti-

277 437 389 499 ret,
434 430 495 486 in
542 430 659 486 isto
706 427 1006 486 curriculo
1056 427 1328 485 laborare
1376 447 1455 495 se,
1503 429 1616 486 etsi
1662 428 1912 486 fortasse
1960 448 2082 485 non

275 529 466 586 invita
515 528 667 584 adeo
715 526 1015 593 Minerva,
1065 533 1128 583 at
1180 525 1441 583 invitum
1490 532 1696 584 tamen
1748 527 1964 603 ipsum,
2018 534 2081 584 et

276 646 477 684 rerum
523 624 774 682 aliarum
822 625 1129 700 cupidum.
1222 623 1371 681 Erat
1416 630 1623 682 autem
1655 623 1971 702 Virgilius,
2009 633 2081 682 ut

275 723 548 790 arbitror,
582 722 1065 799 elegantissimus
1097 723 1367 779 omnium
1390 722 1606 797 judex,
1632 723 2080 799 tenerrimoque

274 822 512 899 pulchri
546 839 725 879 sensu
757 822 1061 879 imbutus:
1110 840 1230 896 quo
1262 820 1496 878 facilius
1526 819 1924 877 assentiamur
1967 820 2079 896 ipsi

274 922 350 978 de
405 939 469 978 se
512 919 812 996 judicium
870 920 1105 977 ferenti.
1198 919 1382 988 Quid,
1433 919 1592 994 quod
1642 917 1906 994 aequales
1951 919 2079 994 ejus

273 1018 434 1074 idem
483 1018 675 1074 ferme
721 1018 1007 1075 videntur
1051 1016 1345 1075 sensisse?
1423 1016 1737 1093 Siquidem
1783 1022 1929 1072 noto
1974 1016 2080 1073 illo

275 1115 619 1172 discrimine
650 1116 915 1193 sejungit
939 1135 1078 1173 eum
1114 1135 1149 1173 a
1170 1114 1361 1174 Vario
1395 1134 1591 1172 sermo
1617 1111 2057 1173 Horatianus¹:

882 1233 1013 1277 Forte
1036 1247 1145 1290 epos
1169 1247 1284 1284 acer,

516 1306 582 1351 Ut
605 1322 755 1360 nemo,
773 1307 940 1372 Yarius
965 1306 1117 1351 ducit:
1153 1307 1288 1351 molle
1310 1314 1444 1366 atque
1465 1306 1662 1351 facetum

514 1381 708 1440 Virgilio
731 1388 992 1425 annuerunt
1014 1380 1266 1440 gaudentes
1289 1396 1394 1425 rure
1417 1379 1663 1425 Camoenae.

274 1484 616 1554 Videtisne,
652 1485 980 1543 Horatium
1012 1485 1287 1563 Virgilio,
1335 1505 1492 1543 novo
1540 1486 1771 1554 Poetae,
1817 1505 1939 1543 non
1988 1507 2080 1545 so-

270 1583 398 1641 lum
455 1584 739 1651 tribuere,
793 1586 961 1660 quasi
1017 1584 1319 1661 propriam
1373 1584 1764 1660 provinciam,
1819 1604 1956 1642 rura
2008 1604 2077 1642 ac

269 1690 505 1740 naturae
561 1683 823 1752 deliciaS,
871 1703 1083 1740 verum
1132 1684 1319 1741 etiam
1373 1702 1595 1761 negare
1647 1691 1964 1742 actuosum
2014 1691 2076 1742 et

268 1781 579 1839 heroicum
632 1801 840 1859 genUS,
894 1781 1116 1839 collata
1170 1789 1335 1840 certe
1382 1781 1570 1849 Varii,
1625 1790 1757 1840 tum
1814 1783 2079 1840 maxime

274 1881 548 1958 vigentis,
583 1880 829 1938 indole?

358 1979 642 2038 Profecto
681 1989 744 2038 et
782 1981 1116 2058 arrogantis
1154 1980 1310 2038 foret
1353 1987 1415 2037 et
1461 1978 1688 2046 insulsi,
1722 1999 1902 2055 quam
1949 1999 2081 2038 sen-

269 2079 526 2135 tentiam
574 2079 934 2155 planissimis
980 2080 1179 2137 verbis
1225 2079 1478 2136 tulerint
1532 2079 1652 2136 duo
1703 2079 2075 2137 celeberrimi

270 2176 495 2246 Poetae,
524 2178 679 2236 alter
718 2179 793 2235 de
834 2197 914 2246 se,
951 2178 1105 2236 alter
1136 2178 1210 2235 de
1256 2177 1534 2254 proximo
1580 2177 1791 2244 amicO‚
1825 2195 1959 2233 eam
1991 2183 2080 2233 ta-

267 2295 409 2333 men
442 2277 502 2332 in
537 2277 786 2334 dubium
823 2277 1244 2351 incertumque
1277 2295 1575 2334 revocare.

357 2374 523 2444 Quin
569 2375 683 2433 hac
725 2376 893 2451 quasi
941 2374 1201 2432 formula
1231 2374 1418 2432 semel
1451 2375 1803 2442 constituta,
1834 2375 2078 2432 missam

267 2474 560 2532 faciamus
605 2494 849 2532 omnem
889 2474 1288 2550 quaestionem
1336 2475 1411 2532 de
1457 2492 1695 2532 summa
1726 2472 2079 2551 Virgilianae

270 2570 548 2629 Poeseos.
638 2571 742 2629 Ad
776 2590 848 2629 ea
878 2591 1215 2648 pergamus,
1249 2592 1387 2648 quae
1418 2591 1618 2647 neque
1650 2571 1946 2628 carebunt
1977 2590 2080 2627 vo-

267 2670 521 2748 luptate,
556 2679 619 2728 et
666 2671 933 2728 fructum
979 2671 1295 2729 habebunt
1339 2671 1700 2738 uberiorem,
1732 2677 1795 2726 et
1830 2670 2077 2747 cognitu

267 2779 445 2827 erunt
477 2772 766 2829 certiora:
815 2770 1034 2846 quibus
1071 2771 1285 2846 utique
1331 2770 1406 2826 de
1452 2769 1645 2826 causis
1690 2768 1976 2836 evenerit,
2009 2775 2079 2826 ut

267 2867 366 2925 hic
398 2870 554 2925 unus
586 2869 856 2925 omnium
901 2869 1167 2926 maxime
1199 2869 1260 2925 in
1294 2887 1401 2925 suo
1431 2885 1654 2945 genere
1686 2866 1916 2923 caeteris
1934 2859 2080 2942 'spe-

266 2963 465 3022 cimen
512 2972 705 3034 esset3
753 2985 872 3041 quo
911 2966 1097 3024 animi
1143 2972 1370 3032 tenore,
1404 2963 1622 3040 quibus
1653 2961 1926 3029 fortuniS,
1960 2980 2078 3037 qua

268 3063 647 3139 potissimum
709 3063 1091 3140 philosophia
1149 3063 1488 3121 adoleverit
1541 3060 1927 3119 suavissimus
1974 3057 2077 3116 ille

268 3161 523 3220 Naturae
555 3164 864 3240 conjector
894 3171 956 3220 et
988 3166 1301 3240 interpres

256 3265 258 3267 ’
360 3260 452 3319 At
506 3263 667 3320 enim
726 3263 789 3319 in
851 3262 1032 3321 aliam
1087 3263 1335 3320 omnino
1395 3261 1707 3318 nationem
1768 3258 2074 3316 amandari

266 3379 407 3418 eum
454 3379 693 3438 semper
723 3362 990 3419 decrevit
1037 3362 1305 3419 maxima
1339 3378 1475 3438 pars
1510 3358 1891 3426 Criticorum,
1924 3375 2074 3432 quos

266 3467 504 3517 vocant.
595 3458 715 3528 Qui
762 3459 996 3517 scilicet
1038 3458 1211 3536 Epici
1257 3457 1537 3516 carminis
1585 3456 1785 3533 specie
1830 3462 2071 3513 tantum

871 3616 885 3646 1
920 3616 1036 3661 Hor.
1063 3618 1202 3660 Serm.
1232 3630 1270 3660 1.
1300 3631 1367 3660 10.
1387 3630 1461 3673 43.
