2288 4036
197 165 309 221 386
349 165 765 237 Chasphorarum
791 180 904 216 oum
924 163 1301 231 Ayamemnone
1326 158 1660 230 comparatio,
1702 178 1862 213 PRAEL.
1887 178 1999 214 xx1.

204 314 468 372 maxime
511 313 671 371 inter
721 331 785 369 se
832 309 1121 386 distingui
1172 307 1467 376 videntur,
1513 307 1673 383 quod
1726 307 1788 363 in
1835 305 2000 384 Aga-

208 431 532 470 memnone
563 417 772 488 regnat
805 408 1030 484 ubique
1060 406 1321 465 tremula
1350 413 1413 464 et
1443 407 1697 465 obscura
1725 406 2000 475 formid0‚

203 518 268 570 et
286 511 487 568 nescio
513 510 683 586 cujus
708 507 851 565 mali
876 506 1249 563 imminentis
1273 524 1538 583 praesaga
1559 524 1757 574 mens3
1790 513 2002 563 contra

198 610 360 686 apud
399 607 784 684 Choephoras
823 605 1017 663 securi
1047 623 1118 662 ac
1159 603 1407 662 stabiles
1450 611 1593 662 sunt
1623 603 1828 672 animi,
1870 610 2004 662 tan-

203 728 382 786 quam
424 726 650 775 eorum,
689 705 793 781 qui
839 710 1068 762 metam
1108 703 1299 780 ipsam
1329 704 1680 780 justissimae
1722 704 2003 762 vindictae

200 809 381 865 modo
412 808 532 865 sint
565 804 822 874 tacturi3
865 823 987 861 non
1016 802 1197 860 aliam
1229 803 1307 860 ob
1340 823 1603 873 causam,
1626 823 1807 881 quam
1839 804 2002 880 quod

197 905 295 963 hic
346 906 612 981 apertius
672 902 867 960 multo
917 921 1099 977 quam
1152 900 1277 958 illic
1326 902 1592 959 insinuat
1645 922 1716 960 ac
1769 901 2002 967 revelat

198 1020 328 1062 sese
354 1002 641 1060 Numinis
673 1000 963 1078 potentia.
1034 999 1199 1069 Quid
1230 999 1465 1058 multa?
1530 998 1999 1077 Agamemnoni,

193 1101 361 1177 quasi
394 1100 660 1169 titulum,
692 1119 814 1157 non
858 1098 1067 1175 inepte
1110 1098 1371 1156 ascribat
1412 1097 1627 1174 aliquis
1663 1097 1998 1157 clausulam

192 1198 358 1258 illam
391 1199 711 1258 Choricam
743 1217 822 1256 ex
852 1197 982 1273 ipso
1017 1197 1438 1273 desumptam:

556 1323 641 1367 ὑπὸ
665 1324 811 1382 σκότῳ
832 1321 988 1380 βρέμει

555 1396 780 1454 θυμάλγης
800 1414 864 1448 τε,
888 1396 959 1440 καὶ

552 1470 680 1514 οὐδὲν
702 1468 978 1527 ἐπελπομένα
999 1488 1108 1514 ποτε

554 1543 719 1603 καίριον
741 1542 1082 1588 ἐκτολυπεύσειν

550 1617 885 1677 ζωπυρουμένας
906 1619 1086 1676 φρενός.

185 1741 271 1799 At
322 1761 461 1800 vero
512 1741 1010 1819 Choephorarum
1069 1762 1327 1812 summa,
1377 1744 1597 1820 ecquid
1650 1744 1815 1803 aliud
1873 1746 1988 1804 erit

181 1859 365 1916 quam
397 1840 629 1898 nobiles
662 1842 782 1899 duo
814 1840 1092 1899 versiculi
1114 1850 1155 1910 ³,

544 1986 595 2030 τὸ
615 1985 838 2044 μορσίμον
857 1985 978 2044 μένει
998 1985 1152 2039 πάλαι,

541 2058 794 2118 εὐχομένοις
815 2057 852 2103 δ’
874 2056 927 2104 ἂν
947 2058 1076 2104 ἔλθοι
1090 2078 1105 2112 3

176 2183 354 2242 Adeo
394 2185 742 2244 dominatur
777 2185 1056 2243 universa
1097 2183 1201 2243 illa
1247 2183 1453 2243 fabula
1489 2184 1637 2255 ἦθος,
1678 2188 1841 2264 quod
1882 2207 1986 2246 vo-

177 2291 336 2353 cant,
361 2283 580 2343 stabile
609 2304 683 2344 ac.
710 2303 1008 2347 serenum.
1088 2282 1410 2361 Nusquam
1442 2283 1527 2343 ibi
1558 2285 1877 2344 dubitatur
1906 2288 1984 2345 de

176 2381 571 2442 Providentia
602 2383 892 2453 Deorum,
917 2403 1116 2460 neque
1148 2384 1223 2441 de
1254 2403 1452 2461 poena,
1483 2384 1682 2461 culpae
1714 2386 1978 2455 comite3

173 2487 416 2540 tantum
475 2483 933 2560 exspectatione
985 2483 1203 2541 arrecti
1264 2488 1554 2540 tenentur
1606 2484 1813 2553 animi,
1859 2504 1982 2562 quo

174 2581 419 2639 tandem
465 2582 673 2640 ordine
719 2581 1059 2658 quibusque
1105 2582 1392 2659 gradibus
1437 2583 1775 2642 certissima
1823 2583 1979 2642 ultio

174 2681 561 2739 commissum
592 2681 706 2740 sibi
737 2700 958 2739 munus
988 2688 1373 2757 exsequatur.

262 2778 478 2855 Itaque
508 2779 707 2848 hodie,
739 2780 788 2838 si
829 2787 1062 2857 potero,
1096 2780 1312 2839 nobilis
1343 2782 1518 2839 istius
1548 2780 1787 2840 artificii
1818 2799 1983 2845 sum-

171 2896 334 2935 mam
359 2878 708 2954 expediam3
746 2897 929 2953 quam
959 2879 1139 2937 rebus
1170 2879 1362 2937 ferme
1383 2887 1649 2956 quatuor
1678 2880 1977 2938 contineri

174 2974 446 3032 arbitror.
511 2974 803 3043 Primum,
824 2976 985 3050 quod
1010 2975 1204 3034 forma
1226 2978 1355 3053 ipsa
1376 2998 1447 3036 ac
1470 2978 1656 3035 facies
1679 2978 1979 3038 universae

170 3073 503 3151 Tragoediae
534 3074 920 3150 componitur
948 3074 1026 3132 ad
1055 3074 1395 3133 solennium
1427 3095 1733 3134 sacrorum
1764 3077 1979 3156 imagi-

172 3191 333 3231 nem.
396 3171 652 3240 Deinde,
673 3173 834 3248 quod
866 3193 1077 3231 omnes
1107 3175 1311 3232 omnia
1340 3175 1613 3233 referunt
1636 3176 1713 3233 ad
1744 3174 1974 3234 oraculi

171 3269 530 3328 sanctissimi
554 3271 824 3340 decreta3
868 3269 1151 3348 Delphici
1182 3274 1469 3331 nimirum
1492 3272 1825 3351 Apollinis3
1870 3274 1975 3351 qui

171 3365 340 3424 nullo
392 3386 515 3424 non
567 3374 842 3444 tempore
893 3369 1135 3426 videtur
1179 3368 1461 3428 Orestem
1511 3373 1975 3449 praesentissimo

172 3465 422 3522 numine
453 3466 627 3524 tueri.
707 3466 913 3525 Tertio
945 3466 1099 3538 locO,
1121 3467 1342 3526 Manes
1375 3467 1852 3548 Agamemnonis
1881 3471 1974 3534 in-

295 3568 330 3596 0

875 3618 899 3641 a
933 3611 1122 3669 Chok'plc.
1146 3611 1250 3667 462.
