2288 4036
193 174 301 232 790
346 173 582 244 Siobyulis
606 173 771 227 verbis
796 174 957 243 repeti
969 175 1222 245 pueri-tiae
1247 175 1576 228 memoriam:
1615 194 1986 239 PRAEL,XXX1X.

190 329 254 379 et
299 321 496 380 stabili
529 342 705 380 cursu
738 321 1060 381 collucent.
1096 368 1108 380 .
1144 368 1156 380 .
1188 368 1200 380 .
1227 321 1364 381 Hac
1395 330 1600 381 mente
1643 323 1838 382 solent
1882 325 1990 382 ho-

188 422 384 487 mines
410 422 729 499 pueritiam
754 421 1084 498 praesertim
1109 423 1405 500 respicere
1431 442 1617 492 suam,
1641 424 1810 499 siqua
1832 424 1988 481 forte

188 520 318 597 ejus
363 520 563 599 imago
609 520 787 578 solito
835 519 1256 579 vehementius
1302 522 1699 579 commoverit
1740 522 1987 579 animos

187 620 473 678 Aderunt
517 618 807 695 reliquiae,
840 620 1032 677 aderit
1063 619 1338 695 quaedam
1370 622 1539 697 quasi
1570 628 1795 679 tessera
1822 621 1988 679 verni

187 719 349 778 illius
380 719 670 796 temporis
695 739 707 777 z
756 726 934 777 erunt
965 719 1102 789 loci,
1127 719 1282 789 libri,
1315 721 1543 790 odores,
1571 721 1767 790 verba,
1794 739 1988 788 voces,

186 819 407 896 quibus
465 827 826 877 revocentur
887 819 1061 877 initia
1121 820 1515 884 sanctissimae
1579 819 1987 898 philosophiae,

184 918 235 981 T
238 938 340 981 um
367 919 614 982 demum
639 919 702 976 id
726 937 1043 997 agnovere,
1066 919 1227 995 quod
1251 920 1380 996 ipso
1401 925 1675 996 tempore
1695 918 1989 998 effugerat

186 1017 427 1088 oculos3
475 1016 674 1076 DEUM
704 1017 983 1087 adfuisse,
1016 1016 1216 1075 DEUM
1246 1017 1359 1075 sibi
1391 1017 1603 1076 fecisse
1632 1017 1738 1076 illa
1768 1018 1942 1076 otia.''

271 1114 496 1192 Neque
541 1134 681 1173 vero
727 1115 789 1173 id
841 1114 991 1173 nihil
1049 1115 1380 1192 pertinebit
1431 1117 1505 1180 ad
1552 1135 1764 1183 vernas
1808 1115 1988 1175 hasce

183 1214 446 1283 deliciaS,
484 1214 645 1291 quod
691 1215 910 1292 partim
952 1215 1275 1272 verborum
1321 1215 1694 1293 singulorum
1727 1214 1986 1284 delectu,

181 1315 401 1392 partim
449 1314 751 1391 exquisito
788 1314 1052 1392 quodam
1097 1323 1161 1373 et
1206 1314 1531 1392 multiplici
1584 1316 1834 1393 picturae
1883 1335 1989 1394 ge,-

180 1435 343 1486 nere,
377 1413 521 1474 fecit
565 1415 873 1473 interdum
906 1414 1219 1493 Virgilius,
1258 1421 1327 1472 ut
1372 1415 1760 1494 intelligeres,
1806 1415 1987 1474 altius

180 1516 469 1575 insedisse
509 1534 635 1573 rem
676 1514 940 1592 aliquam
978 1514 1040 1572 in
1080 1515 1208 1591 ejus
1252 1515 1485 1579 animoz
1532 1515 1712 1573 credo
1743 1522 1990 1592 propter

179 1613 427 1690 puerilis
457 1613 566 1671 aevi
604 1612 977 1682 memoriam,
1011 1631 1271 1688 quacum
1304 1611 1555 1670 fortasse
1597 1631 1692 1670 res
1730 1630 1802 1670 ea
1831 1611 1989 1669 foret

179 1714 578 1791 conjunctior.
669 1711 808 1782 Quo
839 1713 903 1770 in
932 1731 1156 1791 genere
1185 1710 1534 1770 habendum
1566 1729 1696 1769 esse
1728 1710 1985 1768 dixerim

183 1815 274 1885 (ut
317 1831 511 1890 pauca
545 1811 872 1879 nominem,
904 1831 1042 1888 quae
1086 1811 1281 1889 prima
1325 1809 1554 1889 legenti
1588 1809 1983 1891 occurrerint)

176 1910 329 1981 illud
360 1912 436 1970 de
467 1929 761 1988 equorum
790 1910 1026 1969 incessu
1044 1917 1091 1980 P,

423 2029 650 2081 Insultare
672 2029 784 2082 solo,
808 2035 852 2073 et
872 2043 1058 2088 gressus
1075 2029 1328 2086 ylomerare
1349 2027 1586 2087 superbos.

180 2124 443 2184 Felicius
475 2126 792 2202 veriusque
832 2124 985 2183 illud
1023 2123 1369 2206 ylomerare,
1403 2145 1585 2202 quam
1617 2126 1776 2204 quod
1808 2124 1985 2184 facile

176 2228 241 2285 in
285 2233 556 2285 mentem
589 2226 792 2284 veniat
836 2224 1034 2295 alicui,
1066 2226 1180 2283 nisi
1213 2225 1316 2303 qui
1348 2225 1529 2304 longo
1560 2247 1674 2285 usu
1705 2233 1768 2285 et
1804 2225 1983 2304 plane

176 2325 392 2404 puerili
423 2325 754 2385 assueverit
785 2345 995 2383 eorum
1026 2325 1195 2401 quasi
1226 2324 1512 2383 moribus,

263 2424 377 2483 Est
418 2425 604 2483 etiam
642 2425 805 2502 quod
850 2424 1102 2482 mirifice
1150 2423 1471 2493 adumbret
1513 2424 1681 2482 venti
1723 2442 1982 2492 cursum,

175 2522 378 2581 stabili
411 2523 674 2601 quodam
704 2509 942 2600 impetu
963 2532 1007 2578 q.

419 2642 503 2686 Ille
522 2642 660 2694 volat,
684 2640 822 2685 simul
843 2655 950 2685 arva
970 2640 1095 2700 fuga,
1116 2641 1253 2686 simul
1273 2655 1458 2702 aequora
1478 2628 1673 2687 verrens-,⁷

176 2739 299 2798 Sed
330 2741 493 2798 enim
525 2740 720 2798 omnis
764 2738 870 2797 illa
913 2738 1246 2797 similitudo
1277 2739 1538 2817 plurima
1567 2740 1756 2799 habet
1788 2740 1851 2798 in
1882 2759 1984 2805 θος

175 2840 312 2900 dem
347 2857 532 2896 censu
562 2837 862 2915 praeclara.

421 2953 598 3006 Qualis,
623 2952 948 3013 Hyperboreos
971 2954 1140 3014 Aquilo
1162 2968 1270 2999 cum
1292 2952 1451 2997 densus
1472 2951 1529 2997 ab
1552 2952 1643 2997 oris

416 3028 635 3081 Incubuit,
662 3027 950 3088 Scythiaeque
971 3028 1158 3088 hyemes
1180 3036 1316 3088 atque
1336 3026 1462 3072 arida
1483 3026 1634 3076 differt

417 3102 616 3159 Nubila:
650 3109 750 3156 tum
773 3110 947 3162 segetes
969 3104 1070 3157 altae
1093 3103 1331 3162 campique
1352 3106 1559 3146 natantes

417 3175 620 3221 Lenibus
643 3177 902 3233 horrescunt
922 3177 1091 3231 flabris,
1113 3191 1371 3235 summoeque
1389 3190 1589 3220 sonorem

417 3250 544 3304 Dant
566 3251 719 3309 sylvae,
740 3251 958 3310 longique
978 3258 1146 3310 urgent
1167 3250 1226 3295 ad
1246 3250 1379 3294 litora
1398 3249 1582 3294 fluctus.

174 3349 553 3409 Versabatur
582 3348 867 3407 videlicet
896 3368 1018 3407 una
1049 3348 1174 3407 sola
1209 3367 1304 3406 res
1334 3354 1477 3406 ante
1508 3345 1713 3405 oculos
1745 3345 1973 3417 Poetae,

172 3468 313 3521 cum
364 3448 482 3507 ista
532 3448 856 3512 scriberet:
918 3449 1183 3526 spirante
1239 3447 1452 3516 Borea,
1505 3446 1728 3505 referre
1781 3446 1976 3507 cultos

415 3632 438 3675 Ρ
467 3623 625 3680 Georq.
649 3636 693 3680 3.
723 3634 823 3685 117,
1445 3630 1469 3664 (1
1491 3622 1606 3683 Ιόἱᾱ,
1633 3635 1734 3676 201.
