2288 4036
278 204 388 264 690
794 206 1124 260 Lucretiamoe
1149 207 1387 260 amentiae
1411 206 1560 277 siyna
1580 230 1595 259 :
1713 226 1872 258 PRAEL.
1893 225 2083 258 xxxiv.

280 354 648 413 tabescentis
680 353 1091 430 querimoniae,
1122 373 1260 430 quae
1302 354 1364 411 in
1402 374 1504 412 ore
1546 362 1686 412 sunt
1728 354 1918 411 ferme
1964 372 2092 411 om-

278 454 475 512 nibus.
569 452 733 522 Quid
780 452 943 510 enim
991 452 1189 510 dicam
1235 454 1310 510 de
1354 453 1541 530 ipsius
1588 452 1905 510 Hamlethi
1957 472 2090 529 gra-

279 553 522 611 vissima
595 570 868 628 persona,
933 552 1180 627 verique
1255 571 1380 628 prae
1448 551 1679 610 caeteris
1737 550 2087 609 simillima?

279 671 410 727 quae
450 651 653 708 nescio
696 670 773 708 an
819 649 988 708 nulla
1030 651 1222 728 magis
1264 671 1328 709 re
1375 651 1762 709 commendet
1793 669 1856 708 se
1895 651 2086 719 nobis,

278 750 645 826 penitusque
691 750 755 806 in
804 757 1044 808 mentes
1096 750 1381 820 insinuet,
1428 770 1609 827 quam
1659 750 1925 808 obscuris
1970 749 2088 806 illis

277 849 561 906 amentiae
607 850 775 925 quasi
822 848 1143 926 praeludiis,
1191 869 1323 926 quae
1375 851 1439 907 in
1482 850 1644 908 hunc
1688 869 1880 925 usque
1926 848 2087 906 diem

278 948 464 1005 tantis
518 946 729 1006 litibus
777 948 1162 1016 Criticorum‚
1211 950 1313 1026 qui
1368 949 1770 1027 appellantur,
1820 955 2090 1006 catervas

276 1048 505 1125 agitare
537 1047 753 1106 solent.

369 1145 632 1217 Horum,
665 1148 893 1226 opinor,
935 1168 1058 1206 non
1099 1147 1259 1206 male
1300 1149 1662 1218 meminerit,
1696 1148 1797 1226 qui
1828 1154 1993 1206 recte
2025 1153 2088 1203 et

279 1247 489 1305 ordine
520 1246 669 1305 velit
705 1247 1055 1306 Lucretiani
1093 1248 1372 1306 carminis
1412 1248 1585 1306 filum
1629 1255 1856 1306 tenere.
1948 1245 2088 1303 Me-

277 1348 543 1417 minerit,
576 1347 689 1406 sibi
729 1367 859 1406 rem
901 1367 1031 1407 esse
1072 1367 1214 1406 cum
1260 1349 1549 1426 scriptore
1590 1348 1936 1406 acutissimo
1979 1344 2086 1403 illo

278 1446 548 1522 quidem,
581 1447 686 1507 sed
719 1448 822 1523 qui
868 1446 1016 1505 nihil
1055 1467 1178 1505 non
1210 1449 1460 1525 aspiciat
1492 1447 1659 1524 quasi
1690 1445 1913 1505 nebula
1942 1464 2088 1521 qua-

275 1544 414 1602 dam
449 1545 719 1615 inducta,
740 1565 879 1622 quae
903 1545 1127 1604 formas
1151 1565 1348 1604 rerum
1377 1553 1441 1605 et
1473 1545 1922 1625 magnitudines
1952 1563 2087 1621 pro-

275 1643 581 1721 digialiter
612 1646 1060 1721 quodammodo
1091 1646 1300 1704 variet.
1391 1645 1592 1704 Immo
1627 1645 1792 1703 omni
1822 1644 2085 1703 lectione

273 1744 623 1802 meminerit
669 1745 1028 1803 miserorum
1074 1752 1137 1803 et
1186 1765 1480 1824 aegrorum
1533 1744 1900 1814 mortalium,
1938 1763 2086 1821 quo-

273 1863 408 1901 rum
458 1843 555 1902 vel
611 1845 826 1921 optimi
875 1845 1106 1904 fructus
1159 1845 1539 1923 ingeniorum
1593 1852 1721 1904 tam
1772 1863 1958 1922 prope
2006 1843 2083 1901 ab

272 1944 536 2003 alienata
565 1953 774 2003 mente
805 1945 1024 2004 absint.
1109 1944 1256 2003 Non
1286 1945 1633 2022 injucunda,
1665 1945 1727 2002 ni
1758 1943 1949 2014 fallor,
1980 1963 2085 2001 ne-

273 2065 392 2122 que
436 2064 677 2122 prorsus
722 2044 954 2103 inutilis
994 2045 1109 2124 erit
1146 2046 1262 2103 ista
1305 2045 1629 2114 miseratiO,
1658 2051 1877 2122 praeter
1915 2042 2081 2101 illam

271 2145 706 2222 amplissimam
736 2163 898 2202 nunc
931 2145 1277 2202 tenerrimae
1308 2164 1469 2201 nunc
1500 2144 1893 2202 severissimae
1927 2141 2079 2201 Poe-

271 2264 404 2303 seos
435 2246 690 2322 copiam,
724 2264 855 2321 quae
888 2251 1096 2302 manat
1127 2263 1559 2321 usquequaque
1592 2263 1625 2301 e
1656 2243 1925 2302 fontibus
1956 2243 2082 2301 Lu-

270 2343 570 2403 cretianis.

358 2441 480 2502 Sed
526 2443 711 2501 fuerit
753 2443 1007 2501 fortasse
1050 2461 1250 2520 operae
1295 2442 1581 2519 pretium,
1615 2444 1662 2501 si
1699 2462 1891 2520 pauca
1920 2462 2080 2519 quae-

211 2609 216 2615 ,
269 2544 406 2601 dam
440 2543 556 2600 hoc
589 2541 724 2601 loco
756 2542 996 2612 addam,
1021 2562 1159 2619 quae
1191 2542 1690 2621 significationem
1723 2541 2075 2601 nonnullam

266 2642 535 2710 insaniae,
562 2641 807 2719 qualem
840 2661 948 2700 nos
981 2642 1266 2712 diximus,
1297 2641 1519 2700 habere
1551 2642 1885 2700 videantur.

354 2740 681 2818 Principio,
714 2742 971 2799 miretur
1001 2741 1216 2818 aliquis
1250 2761 1373 2799 non
1413 2741 1646 2818 injuria,
1678 2742 1864 2799 tantis
1894 2740 1970 2799 ab
2001 2760 2073 2799 eo

264 2838 545 2898 laudibus
591 2839 786 2898 efferri
832 2840 1185 2917 Epicurum,
1222 2842 1437 2910 virum,
1476 2848 1546 2898 ut
1587 2841 1843 2911 videtur,
1890 2842 2073 2918 siquis

264 2938 434 3006 alius,
466 2939 734 2997 maxime
775 2938 1042 2997 alienum
1074 2960 1110 2998 a
1140 2940 1471 2999 Poetarum
1513 2940 1776 3011 deliciis3
1827 2941 2070 3010 exilem,

264 3035 568 3113 frigidum,
601 3039 1010 3108 inamoenum3
1048 3037 1215 3096 nulla
1244 3039 1572 3097 admodum
1593 3039 1793 3097 vivida
1816 3040 1874 3096 vi
1903 3058 2073 3097 men-

262 3135 358 3204 tis,
391 3135 559 3195 nullo
603 3137 823 3196 amoris
865 3145 1034 3210 aestn,
1066 3137 1249 3196 nullis
1294 3138 1431 3216 styli
1479 3139 1841 3198 luminibus:
1887 3139 2069 3197 modo

263 3235 922 3314 conjecturamcapere
954 3236 1136 3295 liceat
1167 3257 1203 3295 a
1231 3237 1500 3315 reliquiis
1530 3238 1731 3316 ipsiUS,
1763 3246 2067 3296 veterum—

262 3353 380 3410 que
409 3333 485 3391 de
516 3353 589 3392 eo
609 3335 873 3410 judiciis.
941 3335 1037 3394 En
1062 3356 1204 3395 vero
1228 3339 1499 3414 ejusdem
1531 3339 1851 3415 praeconia,
1875 3358 2067 3417 pauca

262 3433 338 3490 de
368 3432 577 3491 multis
595 3428 632 3489 f.

504 3536 543 3581 E
565 3536 763 3583 tenebris
785 3540 923 3584 tantis
945 3546 1039 3584 tam
1061 3540 1233 3584 clarum
1255 3541 1466 3586 extollere
1487 3543 1643 3588 lumen

1005 3648 1023 3679 f
1055 3649 1189 3694 Lucr.
1214 3664 1257 3708 3.
1286 3665 1324 3694 1.
