2288 4036
337 178 450 230 544
775 178 961 233 Poesin
985 186 1183 232 natura
1196 180 1452 251 patriciis
1461 181 1670 252 favere.
1785 200 1944 234 PRAEL.
1968 201 2141 236 xxvn.

550 322 713 380 μισθὸς
732 323 819 382 γὰρ
840 322 998 369 ἄλλοις
1018 322 1160 368 ἄλλος
1180 321 1253 381 ἐφ’
1279 321 1497 382 ἔργμασιν
1517 323 1762 383 ἀνθρώποις
1781 325 1960 386 γλυκύς,

549 398 782 454 μηλοβότᾳ
804 397 840 441 τ’
863 394 1001 457 ἀρότᾳ
1022 395 1058 440 τ’
1083 395 1363 458 ὀρνιχολόχῳ
1384 416 1433 442 τε
1453 397 1523 441 καὶ
1546 396 1596 442 ὃν
1615 401 1777 446 πόντος
1797 399 1969 460 τρέφει·

549 470 716 529 γαστρὶ
738 470 787 514 δέ
808 472 894 516 πᾶς
914 488 980 515 τις
1000 468 1173 527 ἀμύνων
1193 469 1324 526 λίμον
1346 471 1471 529 αἰανῆ
1494 469 1683 516 τέταται·

551 541 598 588 ὃς
621 541 658 587 δ’
682 541 794 601 ἀμφ’
817 541 996 588 ἀέθλοις
1015 541 1040 599 ἢ
1062 542 1312 600 πολεμίζων
1333 544 1489 602 ἄρηται
1511 544 1632 590 κῦδις
1652 543 1806 603 ἁβρόν,

547 615 830 675 εὐαγορηθεὶς
854 616 983 662 κῦδος
1003 614 1204 676 ὕψιστον
1225 615 1410 670 δέκεται,
1433 620 1650 664 πολιατᾶν
1671 620 1743 663 καὶ
1767 618 1903 676 ξένων
1925 622 2144 680 γλώσσας

609 690 766 735 ἄωτον.

422 781 761 849 Postrem0‚
794 783 956 858 quod
1001 783 1191 840 instar
1231 783 1504 840 omnium
1543 790 1656 853 est,
1686 782 1916 842 habent
1960 784 2144 862 patri-

334 881 563 939 ciorum
617 880 680 937 in
731 880 1046 958 republica
1105 888 1308 958 partes
1367 881 1430 939 id
1483 882 1646 958 quod
1697 883 1876 940 unice
1929 902 2143 960 capere

333 979 488 1038 solet
543 978 836 1050 excelsos,
882 980 1300 1059 ingenuosque
1352 982 1602 1041 animos.
1697 982 1810 1040 Isti
1859 982 2143 1041 videlicet

333 1098 531 1137 causae
577 1079 678 1156 qui
734 1098 813 1137 ex
861 1080 1065 1137 animo
1118 1080 1428 1150 favebunt,
1475 1082 1785 1158 rapientur
1835 1082 2142 1141 interdum

332 1179 535 1236 nescio
582 1179 889 1256 quomodo
930 1178 1092 1237 ultra
1133 1199 1487 1240 communes
1533 1181 1641 1240 hos
1687 1201 1912 1250 sensm,
1958 1190 2143 1259 atque

333 1278 395 1334 in
435 1277 741 1354 praeterita
785 1277 966 1356 longe
1011 1277 1314 1357 longeque
1350 1279 1716 1350 avolabunt3
1763 1281 1826 1338 in
1859 1282 2142 1340 obscuros

331 1397 535 1436 rerum
573 1378 773 1436 fontes
803 1378 966 1437 ultro
1008 1398 1072 1436 se
1117 1380 1431 1457 recipient,
1463 1381 1848 1458 pristinaeque
1881 1391 1944 1439 et
1974 1382 2144 1460 igno-

332 1482 416 1536 tae
462 1478 658 1535 aetatis
700 1477 926 1536 oculati
971 1497 1159 1555 prope
1204 1485 1394 1536 testes
1439 1479 1607 1536 fient.
1695 1477 1932 1537 Audite
1964 1500 2140 1539 vero:

331 1597 474 1635 nam
519 1596 756 1654 nequeo
801 1577 952 1636 mihi
991 1585 1333 1654 temperare
1372 1578 1519 1654 quin
1564 1579 1899 1636 exscribam
1947 1579 2145 1657 splen-

332 1676 672 1734 didissimos
725 1695 973 1746 versus3
1034 1696 1289 1753 quorum
1346 1677 1584 1735 numeri
1638 1676 1735 1734 vel
1787 1679 1916 1755 ipso
1977 1699 2141 1748 sono,

331 1782 525 1845 tanto,
571 1782 699 1833 tarn
746 1775 928 1845 dulci,
976 1775 1288 1835 declarant
1333 1775 1592 1835 Poetam
1641 1775 1904 1835 libenter
1954 1779 2017 1836 in
2069 1798 2142 1838 eo

330 1894 546 1953 campo
579 1876 824 1952 spatiari
845 1872 890 1934 ¹¹.

544 1979 647 2025 ἀλλ’
671 1979 809 2040 ἁμέρᾳ
829 1981 917 2041 γὰρ
940 1980 986 2026 ἐν
1006 1981 1085 2040 μὶᾳ

542 2055 727 2113 τραχεῖα
764 2054 898 2114 νιφὰς
932 2053 1148 2113 πολέμοιο
1185 2053 1422 2114 τεσσάρων
1456 2053 1629 2114 ἀνδρῶν
1667 2054 1896 2115 ἐρήμωσεν
1930 2055 2146 2116 μάκαιραν

605 2141 773 2173 εστιαν·

542 2205 619 2247 νῦν
640 2201 676 2247 δ’
700 2201 755 2247 αὖ
780 2203 891 2261 μετὰ
916 2203 1141 2262 χειμερίον
1165 2204 1378 2249 ποικίλων
1405 2208 1552 2263 μηνῶν
1578 2205 1720 2263 ζόφον
1750 2204 1874 2263 χθὼν
1899 2205 1976 2250 ὅτε
1996 2207 2146 2265 φοινι-

610 2275 772 2322 κίοισιν
790 2276 983 2334 ἄνθησεν
1003 2275 1155 2336 ῥόδοις

545 2351 763 2410 δαιμόνων
781 2350 985 2406 βούλαις·
1026 2354 1050 2395 ὁ
1072 2350 1249 2410 κινητὴρ
1272 2351 1320 2395 δὲ
1340 2353 1424 2411 γᾶς
1442 2350 1701 2411 Ὀγχηστὸν
1721 2351 1873 2398 οἶκέων

544 2428 616 2470 καὶ
636 2424 840 2486 γέφυραν
860 2425 1073 2471 ποντιάδα
1092 2427 1180 2484 πρὸ
1204 2425 1422 2485 Κορίνθου
1443 2425 1642 2486 τειχέων,

543 2500 672 2544 τόνδε
693 2502 844 2559 πόρων
863 2503 992 2560 γενεᾷ
1016 2500 1274 2558 θαυμαστὸν
1293 2498 1429 2558 ὕμνον

544 2573 592 2618 ἐκ
614 2573 784 2634 λεχέων
803 2573 953 2635 ἀνάγει
975 2573 1129 2635 φάμαν
1149 2575 1344 2620 παλαιὰν

543 2648 735 2695 εὐκλέων
770 2650 925 2710 ἔργων·
967 2650 1015 2695 ἐν
1049 2648 1169 2710 ὕπνῳ
1196 2650 1284 2710 γὰρ
1325 2649 1477 2696 πέσεν·
1515 2649 1618 2695 ἀλλ’
1649 2648 1959 2710 ἀνεγειρομένα
1990 2654 2143 2710 χρῶτα

603 2723 784 2783 λάμπει,

540 2797 812 2859 Ἀωσφόρος
833 2799 993 2858 θαητὸς
1014 2801 1072 2846 ὣς
1093 2799 1278 2859 ἄστροις
1300 2799 1346 2845 ἐν
1366 2799 1539 2846 ἅλλοις.

419 2887 611 2948 Hisce
649 2897 1128 2949 consentaneum
1173 2909 1434 2968 prorSUS,
1469 2890 1630 2967 quod
1662 2890 1725 2948 in
1755 2887 1965 2948 insulis
1996 2907 2142 2965 quo-

330 3008 450 3066 que
479 2988 799 3047 beatorum
830 3009 1115 3068 magnam
1147 2991 1275 3048 fore
1306 2989 1625 3048 confirmat
1669 2988 1979 3048 felicitatis
2008 3006 2143 3065 par-

330 3093 478 3154 tem,
509 3106 641 3145 esse
673 3107 814 3145 cum
847 3089 1038 3146 veteri
1069 3109 1283 3167 regum
1315 3096 1378 3147 et
1408 3089 1665 3147 heroum
1703 3088 1886 3147 choro
1908 3082 1943 3145 i.

576 3189 754 3248 Πηλεύς
771 3210 821 3236 τε
842 3191 913 3236 καὶ
935 3190 1112 3250 Κάδμος
1133 3191 1181 3237 ἐν
1200 3194 1347 3237 τοῖσιν
1367 3190 1619 3251 ἀλέγονται·

571 3263 791 3324 Ἀχιλλέα
812 3264 849 3310 τ’
874 3265 1016 3319 ἔνεικ’,
1039 3266 1135 3311 ἐπεὶ
1157 3267 1292 3324 Ζηνὸς
1312 3264 1420 3324 ἦτορ

570 3340 716 3386 λιταῖς
738 3340 907 3393 ἔπεισε,
929 3339 1090 3399 ματὴρ.

419 3427 702 3507 Denique
763 3430 1102 3490 nobilitatis
1161 3431 1250 3490 ita
1308 3431 1511 3490 fautor
1561 3438 1654 3491 est
1704 3430 2016 3499 PindarUS,
2064 3437 2137 3489 ut

328 3546 543 3606 regum
592 3537 796 3589 tamen
852 3530 1178 3608 imperium
1225 3530 1516 3602 facillime
1568 3531 1740 3589 ferat.
1833 3529 2000 3600 Quin
2043 3536 2137 3607 ty-

571 3652 600 3684 11
620 3653 775 3699 Isthm.
798 3668 843 3714 3.
867 3667 940 3710 25.
1581 3653 1595 3686 i
1622 3655 1693 3700 ol.
1718 3669 1760 3699 2.
1788 3667 1892 3710 141.
