2288 4036
212 210 370 244 PRAEL.
392 208 506 243 xx1.
583 190 804 242 mamime
828 195 884 240 ut
908 196 1018 241 crat
1048 189 1327 241 Graiorum
1351 188 1644 258 respublica.
1862 192 1972 248 899

213 335 320 402 lue,
361 334 487 409 ipso
524 331 785 408 AEschyli
824 338 1110 407 tempore,
1155 329 1467 387 Persarum
1509 331 1787 399 adventu,
1831 351 1969 389 cum

211 431 288 488 ad
332 430 515 486 limen
550 428 781 486 delubri
816 434 985 484 tanta
1022 426 1124 483 illa
1166 425 1451 483 miracula
1481 427 1805 502 direptores
1836 426 1971 485 Asi-

213 526 401 582 aticos
438 531 870 602 oppresserunt.
960 523 1061 581 Ne
1096 523 1320 591 multa3
1368 523 1606 580 auribus
1647 542 1783 580 vere
1824 523 1972 581 Hel-

212 622 418 679 lenicis
447 641 566 679 non
595 621 850 698 simplex
880 627 1006 678 erat
1037 620 1325 696 voluptas,
1357 621 1589 695 quoties
1626 621 1973 677 occurrebat

212 720 275 776 in
318 719 554 776 theatro
597 718 693 775 vel
735 719 899 795 adyti
943 718 1111 775 istius
1156 717 1251 774 vel
1295 718 1602 792 regionum
1652 718 1970 774 vicinarum

211 817 474 873 mentio:
547 816 798 873 recitato
854 814 1132 872 videlicet
1190 814 1312 871 sive
1366 814 1765 871 Eumenidum
1828 814 1971 870 Pro-

212 912 347 989 logo
368 921 413 979 ¹¹,

566 1014 688 1067 σε’βω
711 1014 758 1057 δὲ
779 1013 961 1072 νύμφας,
983 1013 1084 1058 ἔνθα
1106 1014 1297 1071 Κωρυκὶς
1316 1013 1451 1072 πέτρα

566 1086 704 1143 κοίλη,
724 1086 942 1145 φίλορνις,
965 1086 1174 1143 δαιμόνων
1194 1085 1466 1144 ἀναστροφή·

208 1207 317 1245 seu
346 1190 640 1247 matutina
671 1188 833 1246 Ionis
865 1187 1168 1263 Euripidei
1199 1188 1493 1246 cantilena
1509 1197 1551 1255 ⁰,

563 1308 730 1367 ἅρματα
750 1308 828 1365 μὲν
848 1308 950 1353 τάδε
969 1309 1148 1366 λαμπρὰ
1169 1308 1413 1367 τεθρίππων

558 1381 681 1438 ἥλιος
701 1381 779 1438 ἤδη
799 1381 959 1437 λάμπει
981 1381 1086 1425 κατὰ
1106 1382 1200 1439 γᾶν

562 1453 706 1512 ἅστρα
726 1453 773 1501 δὲ
793 1452 946 1511 φεύγει
966 1454 1069 1511 πυρὶ
1091 1452 1189 1513 τῷδ’
1211 1452 1380 1511 αἰθέρος

560 1525 622 1571 εἷς
642 1523 761 1582 νύχθ’
786 1525 916 1582 ἱεράν.
1028 1532 1030 1535 “

560 1597 861 1655 Παρνησιάδες
881 1595 918 1640 δ’
940 1596 1094 1650 ἄβατοι
1116 1598 1302 1655 κορυφαὶ

558 1668 935 1726 καταλαμπομέναι
956 1669 1032 1725 τὴν
1052 1666 1198 1726 ἦερίαν

557 1740 703 1798 ἁψῖδα
720 1742 924 1799 βροτοῖσι
945 1740 1158 1799 δέχονται·

559 1809 752 1869 σμύρνης
772 1810 809 1855 δ’
831 1811 1014 1870 ἀνύδρου
1035 1813 1193 1857 καπνὸς
1214 1811 1258 1857 ἐς
1280 1811 1471 1870 ὀρόφους

559 1884 725 1937 Φοίβου
744 1884 936 1928 πέταται·

556 1956 720 2002 θάσσει
740 1957 788 2000 δὲ
806 1956 912 2015 γυνὴ
934 1957 1116 2014 τριπόδα
1137 1956 1288 2011 ζάθεον

558 2028 752 2087 Δέλφις,
772 2027 962 2073 ἇείδουσ’
978 2027 1173 2084 ’Ἕλλησι
1192 2029 1316 2082 βοὰς,

555 2098 607 2146 ἃς
626 2099 678 2146 ἂν
695 2099 928 2146 Ἀπόλλων
948 2098 1184 2157 κελαδῆσῃ.

554 2171 698 2225 Ἀλλ’,
721 2173 755 2217 ὦ
777 2174 940 2227 Φοίβου
962 2172 1140 2230 Δέλφοι
1162 2171 1360 2230 θέραπες,

555 2245 632 2291 τὰς
653 2245 907 2291 Κασταλίας
925 2245 1218 2303 ἀργυροειδεῖς

552 2318 725 2371 βαίνετε
745 2318 876 2364 δίνας·
909 2318 1113 2375 καθαραῖς
1133 2317 1181 2362 δὲ
1202 2318 1380 2376 δρόσοις

552 2391 915 2450 ἀφυδρανάμενοι,
934 2391 1135 2449 στείχετε
1156 2391 1296 2436 νάους.

198 2504 327 2562 Tali
372 2507 630 2563 carmine
673 2506 1103 2564 revocabantur
1144 2506 1387 2580 quidem
1433 2504 1615 2562 animi
1662 2506 1737 2562 ad
1779 2525 1961 2564 amoe-

198 2603 468 2660 nissimos
520 2603 877 2661 convallium
927 2604 1243 2669 anfractu&
1290 2608 1353 2658 et
1399 2603 1472 2659 ad
1518 2602 1660 2658 invii
1704 2605 1959 2661 nemoris

197 2698 436 2755 dulcem
494 2699 790 2773 quendam
848 2699 1188 2756 horrorem:
1250 2705 1638 2757 veruntamen
1691 2702 1958 2757 omnium

197 2794 459 2852 maxime
508 2796 788 2852 movebat
839 2794 1153 2852 Graiorum
1207 2794 1460 2863 foederis,
1519 2795 1769 2871 publicae
1825 2816 1955 2862 aree,

195 2873 603 2947 communium
632 2910 929 2948 sacrorum
958 2891 1260 2948 memoria.

283 2986 457 3054 Quod
501 2987 683 3063 igitur
706 2987 1019 3063 AEschylus
1061 2971 1265 3046 noster
1299 2987 1392 3062 (ut
1435 2990 1510 3045 ad
1554 3008 1692 3045 eum
1736 3007 1955 3045 sermo-

194 3101 348 3149 nem,
381 3083 539 3139 unde
580 3083 847 3159 paullum
891 3084 1025 3151 abii,
1056 3084 1320 3161 redeam)
1353 3085 1525 3141 oaedis
1555 3092 1858 3141 auctorem
1890 3094 1954 3142 et

194 3186 507 3254 patronum
551 3181 823 3238 adhibuit
854 3180 1054 3238 Oresti
1099 3200 1204 3238 suo
1236 3180 1581 3257 Apollinem
1615 3181 1952 3258 Pythicum,

194 3274 436 3349 perinde
467 3282 575 3345 est,
604 3295 673 3333 ac
702 3277 750 3333 si
778 3277 840 3332 in
871 3278 996 3352 ejus
1027 3278 1421 3353 patrocinium
1451 3296 1655 3334 omnes
1686 3279 1952 3334 omnium

194 3370 543 3431 Graecorum
592 3374 906 3450 religiones
946 3382 1263 3433 evocasset.
1356 3373 1560 3431 Multo
1602 3381 1763 3431 certe
1806 3375 1953 3430 veri-

492 3541 512 3560 ¹¹
532 3535 717 3581 Eumem
738 3550 809 3579 22.
1418 3544 1443 3568 o
1464 3536 1558 3580 Iom'
1582 3536 1653 3579 82.
