2288 4036
942 582 1448 711 INDEX

522 828 653 871 Prior
674 845 871 874 numerus
883 835 1203 889 praelectionem
1223 834 1405 885 ind-icat,
1427 831 1635 876 secundus
1647 829 1869 886 payinam.
1917 885 1920 888 ξ

1030 1033 1372 1058 ψ

237 1258 514 1303 AARONIS
549 1260 744 1318 quodam
779 1261 826 1303 in
859 1261 958 1303 loco
994 1260 1150 1302 similis

298 1318 514 1369 Minerva,
533 1335 604 1362 xv.
631 1330 729 1376 252.

235 1375 563 1419 Academiarum
583 1384 836 1420 nostrarum
866 1377 976 1419 ratio
1003 1376 1153 1419 defen-

297 1433 431 1485 ditur,
454 1436 513 1477 xl.
534 1436 635 1478 811.

236 1491 427 1535 Achilles
462 1494 532 1536 sui
573 1508 746 1562 semper
783 1493 952 1544 similis,
989 1493 1047 1536 vi.
1078 1493 1150 1546 84.

295 1551 486 1607 pendere
521 1552 576 1595 ab
613 1552 707 1610 ejus
743 1551 892 1594 indole
930 1566 1152 1594 summam

298 1609 462 1661 Iliadis,
496 1610 570 1653 vii.
593 1624 665 1667 93.
709 1610 763 1653 de
798 1625 848 1652 ea
879 1610 971 1652 falli
1007 1609 1152 1652 Hora-

295 1668 423 1718 tium,
456 1682 528 1725 94.
577 1675 734 1735 sponte
766 1669 900 1711 morti
932 1667 1151 1719 addictus,

295 1725 400 1768 ibid.
434 1741 513 1769 cur
534 1727 775 1770 moriturus
790 1726 1063 1778 ostendatur,
1079 1741 1151 1784 94,

297 1785 368 1850 98.
402 1784 538 1840 pietas
572 1787 667 1842 ejus
699 1800 803 1842 erga
834 1791 1051 1841 parentes,
1081 1800 1153 1842 99.

298 1843 345 1885 in
378 1842 630 1886 Patroclum
663 1859 801 1895 amor,
830 1857 926 1887 100.
977 1842 1155 1886 Graeco-

297 1916 398 1944 rum
442 1902 502 1944 ita
538 1902 685 1945 fautor
720 1909 825 1953 erat,
867 1909 919 1945 ut
953 1902 1155 1958 Trojanis

296 1966 506 2015 parceret,
522 1974 617 2003 101.
633 1975 759 2003 senes
774 1960 1034 2011 honorabat,
1048 1960 1153 2003 ibid.

301 2017 400 2061 Diis
415 2032 557 2069 carus,
573 2032 668 2075 103.
692 2019 832 2062 aetatis
846 2018 1057 2062 heroicae
1047 2033 1155 2061 lma-

296 2091 371 2133 go,
386 2090 482 2130 104.
515 2092 750 2132 personam
764 2077 858 2134 ejus
875 2077 922 2119 in
938 2077 1061 2119 omni
1080 2077 1155 2119 Ili-

297 2133 379 2177 ade
401 2135 602 2191 spectari,
623 2135 713 2178 viii.
724 2136 907 2192 passim.
941 2134 1019 2178 diu
1039 2136 1154 2177 mul-

297 2200 482 2251 tumque
498 2193 827 2251 quodammodo
843 2194 987 2244 celari,
1015 2193 1156 2237 106—-

303 2265 399 2294 112.
432 2252 648 2308 gradatim
666 2252 711 2294 in
737 2267 867 2294 scena
882 2251 1048 2302 reduci,
1072 2266 1153 2309 109

295 2323 379 2352 -—1
391 2324 408 2352 1
418 2324 458 2352 2.
476 2310 705 2354 victoriam
719 2311 813 2367 ejus
826 2310 1004 2361 tardari,
1015 2324 1031 2352 1
1044 2324 1061 2352 1
1070 2324 1156 2353 2—

303 2382 321 2410 1
334 2367 401 2411 16.
426 2376 621 2424 spectare
635 2384 738 2411 eum
754 2376 918 2412 aeterna
934 2376 978 2411 et
991 2368 1154 2419 divina,

303 2437 399 2483 117.
433 2427 564 2469 etiam
592 2427 638 2469 in
669 2428 809 2477 luctu,
840 2427 988 2469 animo
1016 2426 1153 2477 adest,

304 2498 400 2541 119.
433 2500 536 2528 cum
558 2486 726 2528 caeteris
754 2485 1049 2541 componitur,
1073 2485 1154 2528 118

298 2556 459 2599 —123.
490 2558 706 2600 equorum
725 2543 819 2600 ejus
841 2544 952 2593 laus,
975 2543 1033 2585 ix.
1057 2557 1153 2596 141.

299 2608 343 2644 et
382 2603 545 2652 luctus,
581 2616 678 2658 143.
732 2609 1014 2658 comparatur
1051 2616 1154 2644 cum

300 2659 478 2717 Ulysse,
490 2660 549 2703 xi.
572 2670 668 2716 173.
692 2666 887 2702 mentem
908 2660 1002 2717 ejus
1024 2659 1071 2703 in
1091 2659 1155 2702 Ο-

300 2717 474 2773 dysseia
503 2719 677 2769 mutari,
702 2718 896 2774 xii.⁴198.
944 2718 998 2761 de
1019 2718 1154 2774 patris

300 2775 434 2819 domo
452 2776 665 2828 solicitus,
687 2792 759 2820 xv.
780 2790 878 2834 249.
911 2791 1021 2832 puer
1036 2776 1156 2832 apud

302 2834 560 2900 Pindarum,
583 2835 699 2878 xxvi.
718 2845 819 2891 525.
855 2835 1054 2877 Homero
1083 2850 1154 2878 ca-

300 2892 403 2944 rior,
428 2908 563 2950 quam
587 2893 754 2936 AEneas
777 2893 978 2950 Virgilio,
1006 2894 1154 2936 xxxvi.

334 2965 404 3007 23·

240 2961 404 3051 AcZem
420 3015 472 3052 ut
503 3009 670 3066 peritus
700 3009 881 3052 instruit
915 3008 1155 3061 Homerus,

301 3067 360 3110 ἰΧ.
383 3081 479 3123 131.

242 3125 340 3168 Act.
375 3126 526 3182 Apost.
564 3126 651 3169 xiv.
679 3137 745 3183 17.
780 3126 875 3183 ejus
910 3125 1045 3168 verba
1077 3140 1155 3182 po-

301 3191 482 3235 nuntur,
506 3185 637 3227 xxvii.
652 3196 753 3241 559.

240 3242 417 3285 Actoris
439 3242 575 3285 solius
602 3243 649 3285 in
677 3257 809 3286 scena
837 3242 1058 3299 loquentis
1084 3257 1152 3285 ra-

301 3300 378 3351 tio,
401 3300 429 3342 i.
449 3315 491 3357 9.

241 3359 439 3402 Actionis
477 3359 574 3402 laus
616 3358 844 3402 dubitatur
883 3373 940 3401 an
979 3359 1157 3415 propria

302 3417 357 3460 sit
380 3417 630 3468 Poetarum,
657 3418 804 3460 xxviii.
817 3416 1015 3484 ’576—8.
1045 3432 1155 3474 quo-

301 3474 435 3518 modo
486 3475 542 3518 ad
593 3490 667 3518 eos
717 3476 934 3533 pertinere
980 3476 1153 3532 poterit,

242 3544 413 3635 Αάξνῖὲτί
433 3606 588 3648 greges
609 3592 664 3635 ab
680 3593 883 3649 Apolline
904 3592 1031 3649 pasti,
1050 3593 1153 3635 xxii.

302 3663 403 3703 424.

1238 1201 1548 1245 Adolescentioe
1568 1203 1815 1247 fervidioris
1838 1205 2077 1260 specimen,
2094 1204 2158 1256 Io,

1298 1259 1418 1301 xxiii.
1437 1270 1540 1314 445.

1237 1316 1584 1371 Ἀδωνιάζουσαι,
1599 1319 1824 1363 Theocritl
1833 1334 2024 1371 carmen,
2038 1321 2159 1365 xxxi.

1299 1377 1402 1433 639,
1425 1376 1527 1430 640·

1238 1434 1530 1477 AEacidarum
1552 1436 1817 1479 creberrima
1844 1437 1888 1479 in
1914 1435 2162 1480 Pindaricis

1297 1493 1479 1543 mentio,
1504 1494 1621 1536 xxvi.
1640 1504 1742 1551 535.

1238 1551 1425 1593 AEdium
1446 1566 1669 1594 sacrarum
1699 1551 1816 1609 apud
1846 1559 2013 1595 veteres
2037 1568 2159 1596 sum-

1296 1624 1369 1652 ma
1382 1609 1507 1661 ratio,
1526 1610 1586 1652 iii.
1601 1624 1673 1667 33.
1707 1610 1826 1667 apud
1849 1618 2027 1654 nostros
2049 1627 2159 1669 quo-

1299 1682 1398 1725 que,
1422 1682 1494 1724 34⁹
1513 1680 1585 1724 35·

1239 1726 1419 1782 AEyinae
1461 1741 1566 1769 cum
1602 1726 1769 1770 Thebis
1812 1727 2011 1779 societas,
2053 1744 2158 1772 xxv.

1299 1798 1400 1842 490.
1434 1792 1476 1827 et
1497 1785 1718 1842 cognatio,
1741 1786 1859 1829 xxvi.
1879 1798 1980 1842 534.
2013 1786 2159 1830 favere

1299 1844 1339 1885 ei
1361 1843 1618 1894 Pindarum,
1642 1844 1760 1886 xxvi
1776 1845 1877 1899 518,
1896 1855 1998 1900 534.

1239 1902 1444 1957 AEyisthi
1464 1901 1639 1945 caedes
1630 1917 1676 1944 1n
1701 1902 1932 1959 Odysseia,
1961 1918 2033 1946 xv.
2054 1902 2158 1969 246.

1301 1959 1408 2017 quid
1455 1961 1596 2003 valeat
1641 1960 1794 2003 crebra
1842 1960 1936 2017 eJ'us
1977 1961 2159 2012 mentio,

1302 2018 1401 2071 248.
1435 2018 1600 2060 crimen
1619 2033 1644 2060 a
1666 2033 1712 2061 se
1733 2019 2007 2070 arcessitum,
2027 2019 2127 2063 260.

1240 2076 1554 2142 AEyyptiorum
1590 2091 1711 2132 gazae
1743 2091 1846 2119 cum
1878 2077 2074 2133 profanis
2105 2078 2159 2120 li-

1298 2135 1402 2177 teris
1426 2141 1771 2190 componuntur,
1795 2136 1854 2177 xl.
1870 2136 1973 2193 809.

1240 2192 1440 2249 AEqypto
1461 2192 1708 2235 militabant
1724 2192 2032 2244 Athenienses,
2051 2194 2158 2237 AEs-

1299 2250 1638 2317 chylitempore.
1644 2251 1747 2295 xvii.
1760 2266 1860 2309 294.
1877 2253 2159 2295 sacrataolim

1300 2309 1374 2351 illa
1394 2310 1530 2366 regi0,
1553 2310 1672 2352 xxiii.
1697 2311 1797 2376 448.
1830 2311 2043 2353 memoria
2063 2311 2159 2368 ejus

1301 2367 1586 2424 Supplicibus
1610 2368 1886 2420 suavissima,
1915 2368 2035 2411 xxiii.
2054 2380 2158 2425 455.

1239 2426 1609 2468 AEmulationisin
1618 2441 1664 2468 re
1677 2427 1848 2492 poetica
1860 2427 1941 2477 vis,
1955 2427 2043 2469 xvi.
2056 2439 2108 2484 27
2117 2438 2157 2485 7.

1241 2484 1447 2526 AEneas
1437 2499 1484 2526 1n
1515 2484 1665 2535 Iliade,
1695 2485 1783 2528 viii.
1804 2499 1900 2538 114.
1933 2500 2014 2528 cur
2046 2485 2158 2528 divi-

1298 2542 1380 2584 tias
1421 2542 1585 2593 laudet,
1631 2558 1674 2585 x.
1718 2543 1814 2599 158.
1867 2543 2157 2599 Virgilianus,

1299 2614 1404 2643 cum
1444 2576 1616 2644 Achille
1658 2601 1955 2657 componitur,
2006 2602 2156 2645 xxxvi.

1302 2668 1402 2715 723.
1435 2660 1560 2701 nulla
1593 2666 1711 2702 certa
1745 2659 1893 2702 indole
1927 2659 2156 2716 praeditus,

1299 2716 1405 2759 ibid.
1442 2732 1631 2773 persona
1662 2718 1755 2774 ejus
1787 2718 1946 2774 partim
1977 2717 2152 2775 frigida,

1298 2776 1457 2831 partim
1479 2775 1646 2827 odiosa,
1663 2786 1762 2842 724.
1794 2775 2029 2819 demissius
2051 2791 2156 2834 erga

1301 2833 1526 2876 Didonem
1567 2849 1613 2877 se
1654 2835 1780 2890 gerit,
1821 2845 1920 2892 725.
1969 2834 2156 2877 odiosis-

1300 2892 1439 2934 simus
1472 2892 1569 2948 ipso
1605 2892 1651 2934 in
1688 2892 1774 2935 fine
1805 2893 2035 2948 poematis,
2055 2892 2154 2950 726.

1299 2950 1393 3006 ejus
1442 2950 1499 2992 ad
1543 2950 1730 2993 Latium
1781 2952 2010 3018 appulsus,
2054 2952 2156 3008 728.

1299 3008 1448 3050 xxxix.
1484 3019 1582 3066 795.
1626 3007 1727 3063 ἦθος
1767 3010 1862 3075 ejus
1903 3024 1928 3052 a
1964 3009 2153 3066 Virgilio

1298 3067 1631 3118 alienissimum,
1654 3068 1817 3110 xxxvii.
1837 3078 1936 3124 740.

1240 3125 1414 3175 AEneis,
1438 3125 1598 3168 Ironiae
1612 3125 1847 3181 specimen,
1867 3141 1906 3168 v.
1924 3124 1994 3182 69.
2032 3127 2152 3169 clau-

1298 3184 1394 3225 sula
1415 3183 1508 3240 ejus
1530 3198 1631 3226 cum
1656 3183 1895 3227 Homerica
1921 3184 2150 3240 componi-

1298 3248 1385 3292 tur,
1417 3242 1504 3284 viii.
1533 3242 1630 3284 116.
1671 3243 1817 3285 xxxvi.
1847 3242 1946 3299 726.
1978 3257 2070 3285 non
2101 3257 2154 3285 ex

1298 3314 1348 3342 ea
1376 3299 1429 3342 de
1452 3299 1638 3356 Virgilio
1665 3300 1973 3366 judicandum,
2004 3300 2152 3344 xxxvi.

1302 3368 1400 3414 717.
1449 3358 1687 3401 Homerica
1729 3373 1894 3415 pass1m
1940 3358 2154 3409 imitatur,

1302 3426 1400 3482 721.
1435 3416 1615 3474 quinam
1636 3417 1729 3474 ejus
1754 3417 1856 3460 libri
1885 3416 2049 3459 rustica
2070 3431 2152 3460 sae-

1298 3474 1401 3530 pius
1434 3481 1627 3526 cantent,
1659 3475 1806 3518 xxxvi.
1838 3485 1936 3531 730.
1980 3474 2154 3531 Virgilii

1297 3532 1436 3588 ipsius
1469 3533 1523 3575 de
1554 3547 1605 3575 ea
1633 3533 1867 3590 judicium,
1891 3531 1990 3590 736.
2024 3534 2154 3588 plena

1298 3590 1471 3634 indiciis
1533 3591 1820 3647 praesentium
1882 3590 2153 3642 Numinum,

1298 3649 1447 3693 xxxix.
1464 3659 1563 3705 792.
