2288 4036
319 104 428 155 400
731 99 900 152 Oresti
927 81 1219 168 Apollinem
1246 97 1372 163 dari
1386 105 1690 168 patronum.
1823 116 1984 152 PRAEL.
2009 118 2121 153 xxi.

321 243 573 304 similius
604 250 667 302 et
697 243 914 301 melius
944 262 1072 300 rem
1105 242 1249 319 egit,
1282 261 1463 318 quam
1496 244 1563 312 si,
1599 242 1904 321 Euripidis
1936 265 2120 315 more,

321 338 446 399 θεὸν
497 340 554 397 ἐκ
611 345 864 419 μηχανῆς.
905 339 1192 416 jussisset.
1245 339 1578 396 identidem
1641 339 1918 410 exsilire3
1992 362 2124 418 quae

320 439 491 507 ratiO,
522 445 593 496 ut
633 437 782 495 mihi
820 429 1066 514 quidem
1112 435 1368 505 videtur,
1401 435 1498 494 vel
1539 437 1780 514 gravius
1821 437 1888 495 111
1933 439 2123 498 1001108

318 557 517 596 mores
546 543 730 614 atque
761 537 824 594 in
849 535 1122 594 Deorum
1153 536 1555 593 reverentiam
1588 542 1819 613 peceat,
1849 556 2031 612 quam
2062 539 2124 595 in

320 636 640 718 veritatem
671 635 949 693 humanae
979 634 1142 692 vitae.
1231 632 1395 692 Nam
1430 634 1608 710 quale
1639 635 1886 693 tandem
1920 636 1981 693 id
2014 644 2122 705 est,

319 740 389 791 ut
419 735 650 792 facinus
689 732 913 809 alioqui
958 732 1399 791 atrocissimum
1440 732 1760 791 tolerabile
1800 733 1923 802 fiat,
1957 734 2123 792 edita

317 833 505 891 semel
537 832 613 890 de
644 831 795 891 oaelo
828 831 1121 890 daemonis
1153 829 1333 889 voce!
1388 850 1510 907 quo
1541 831 1810 890 remedio
1840 833 1907 900 is,
1940 849 2122 909 quem

316 932 497 990 modo
549 932 874 999 nominavi,
931 929 1269 1007 EuripideS,
1322 930 1518 987 utitur
1568 949 1709 988 oum
1769 930 1935 1001 alias,
1987 939 2122 989 tum

315 1031 393 1090 ad
435 1030 621 1088 finem
664 1029 930 1088 Electrae
973 1048 1110 1087 suae.
1200 1029 1448 1099 Quanto
1493 1029 1719 1088 reotius
1763 1037 1986 1100 noster,
2018 1033 2122 1108 (1111

316 1130 497 1188 docet
539 1129 617 1187 ab
661 1128 852 1198 initio,
906 1128 1171 1206 pendere
1221 1148 1400 1186 omne
1453 1127 1775 1187 eonsilium
1828 1149 1906 1187 ex
1956 1149 2125 1188 sano*

316 1228 532 1287 tissimi
579 1227 805 1287 oraouli
850 1228 1132 1298 deoret03
1185 1247 1429 1305 quoquo
1474 1228 1655 1286 modo
1697 1247 1761 1286 se
1803 1248 1898 1287 res
1939 1229 2124 1287 habe-

231 1344 233 1346 ’
314 1325 422 1396 bit,
484 1325 689 1386 Oresti
747 1327 999 1386 minime
1059 1327 1187 1385 fore
1246 1327 1687 1405 poenitendum,
1742 1329 1903 1404 quod
1964 1329 2123 1387 tanti

315 1423 605 1486 Numinis
635 1425 818 1486 effato
848 1445 1082 1485 morem
1112 1428 1366 1505 gesserit
1386 1434 1431 1486 Ρ.

676 1560 798 1602 οὗτοι
817 1557 1045 1614 προδώσει
1068 1557 1231 1616 Λοξίου
1251 1558 1527 1618 μεγασθενὴς

673 1632 895 1690 χρησμὸς,
919 1628 1108 1677 κελεύων
1128 1632 1257 1677 τόνδε
1279 1632 1475 1678 κίνδυνον
1494 1634 1647 1691 περᾶν,

674 1703 976 1762 καξορθιάζων
995 1705 1162 1758 πολλὰ,
1186 1706 1257 1749 καὶ
1280 1705 1601 1765 δυσχειμέρους

673 1777 781 1824 ἄτας
801 1776 879 1837 ὑφ’
903 1776 1020 1838 ἧπαρ
1044 1778 1207 1837 θερμὸν
1230 1778 1542 1838 ἐξαυδώμενος,

675 1850 714 1895 εἶ
733 1850 792 1909 μὴ
813 1850 983 1910 μέτειμι
1005 1854 1083 1896 τοῦ
1104 1851 1273 1911 πατρὸς
1293 1853 1394 1899 τοὺς
1415 1852 1594 1900 αἰτίους.

680 1958 689 1969 .
709 1959 719 1971 .
741 1959 750 1970 .
770 1960 780 1971 .
796 1925 981 1971 τοιοῖςδε
1002 1927 1226 1984 χρησμοῖς
1244 1922 1329 1984 ἆρα
1348 1925 1436 1984 χρὴ
1456 1923 1727 1971 πεποιθέναι.

313 2026 458 2086 Η110
503 2029 689 2086 etiam
734 2032 1036 2109 congessit
1080 2030 1459 2090 teterrimam
1500 2031 1621 2089 vim
1661 2030 1980 2101 minarum,
2017 2050 2122 2110 pa-

311 2127 420 2186 tris
449 2126 746 2186 ultionem
777 2127 1112 2207 negligenti
1123 2139 1169 2199 q,
1200 2131 1276 2189 ab
1309 2129 1598 2208 Apolline
1629 2131 2022 2190 intentarum.

674 2251 726 2296 τὸ
743 2251 830 2311 γὰρ
854 2254 1082 2298 σκοτεινὸν
1102 2257 1189 2299 τῶν
1211 2253 1448 2314 ἐνερτέρων
1467 2255 1606 2309 βέλος

674 2324 722 2369 ἐκ
742 2327 1090 2385 προστροπαίων
1112 2328 1158 2373 ἐν
1177 2327 1294 2388 γένει
1314 2331 1624 2383 πεπτωκότων,

675 2399 745 2444 καὶ
765 2399 937 2455 λύσσα,
961 2402 1031 2446 καὶ
1052 2402 1237 2460 μάταιος
1258 2403 1304 2447 ἐκ
1327 2408 1491 2448 νυκτῶν
1511 2404 1661 2462 φόβος

673 2477 793 2528 κινεῖ,
816 2476 1052 2534 ταράσσει,
1076 2478 1146 2521 καὶ
1169 2476 1370 2522 διώκεται
1390 2476 1565 2524 πόλεως

670 2549 939 2611 χαλκηλάτῳ
960 2550 1210 2610 πλάστιγγι
1231 2551 1451 2609 λυμανθὲν
1474 2550 1622 2610 δέμας.

674 2623 744 2667 καὶ
766 2625 859 2670 τοῖς
878 2623 1094 2672 τοιούτοις
1114 2627 1215 2670 οὔτε
1236 2627 1451 2684 κρατῆρος
1469 2625 1602 2686 μέρος

671 2695 779 2742 εἶναι
800 2701 1044 2758 μετασχεῖν
1064 2699 1115 2744 οὗ
1136 2697 1451 2759 φιλοσπόνδου
1471 2701 1617 2754 λιβὸς,

669 2773 833 2829 βωμῶν
853 2772 890 2816 τ’
914 2772 1141 2833 ἀπείργειν
1162 2774 1240 2818 οὐκ
1262 2773 1485 2834 ὁρωμένην
1504 2776 1672 2832 πατρὸς

672 2848 813 2903 μῆνιν,
836 2845 1049 2904 δέχεσθαι
1071 2846 1126 2900 δ’,
1148 2851 1248 2892 οὔτε
1271 2847 1487 2894 συλλύειν
1507 2847 1616 2894 τινά·

672 2918 847 2965 πάντων
868 2920 904 2964 δ’
928 2920 1082 2978 ἄτιμον
1103 2920 1297 2980 κᾶφιλον
1318 2920 1523 2978 θνήσκειν
1542 2924 1707 2984 χρόνῳ,

673 2997 813 3039 κακῶς
832 2992 1146 3053 ταριχευθέντα
1165 2993 1449 3056 παμφθάρτῳ
1470 2997 1607 3054 μόρῳ.

311 3122 573 3183 Habetis
603 3124 926 3184 formulam
957 3127 1086 3204 ejus
1122 3127 1509 3198 simillimam,
1542 3145 1724 3206 quam
1753 3123 1935 3186 hodie
1967 3148 2115 3205 quo-

309 3243 429 3301 que
473 3222 745 3283 adhiberi
789 3226 977 3295 aiunt,
1008 3233 1143 3284 tum
1181 3227 1398 3287 Romae
1446 3235 1578 3285 tum
1623 3227 1784 3297 31138,
1816 3227 1922 3286 ubi
1968 3228 2111 3286 diris

309 3342 380 3382 ao
426 3324 847 3383 devotionibus
893 3325 1232 3385 feriendum
1280 3334 1374 3386 est
1426 3334 1610 3405 eaput
1662 3326 1905 3403 aliquod
1957 3327 2113 3384 insa-

553 3540 571 3566 1‘
609 3532 799 3592 Choziph.
824 3534 926 3594 267.
1575 3543 1592 3568 ‘¹
1625 3535 1740 3579 Ibid.
1767 3535 1869 3591 284.
