<?xml version="1.0" encoding="UTF-8"?>
<!DOCTYPE html PUBLIC "-//W3C//DTD XHTML 1.0 Transitional//EN"
    "http://www.w3.org/TR/xhtml1/DTD/xhtml1-transitional.dtd">
<html xmlns="http://www.w3.org/1999/xhtml" xml:lang="en" lang="en">
 <head>
  <title>
</title>
<meta http-equiv="Content-Type" content="text/html;charset=utf-8" />
  <meta name='ocr-system' content='tesseract 3.04.00' />
  <meta name='ocr-capabilities' content='ocr_page ocr_carea ocr_par ocr_line ocrx_word'/>
</head>
<body>
  <div class='ocr_page' id='page_1' title='image "./a588873902kebluoft_0418.png"; bbox 0 0 2288 4036; ppageno 0'>
   <div class='ocr_carea' id='block_1_1' title="bbox 305 179 2097 253">
    <p class='ocr_par' dir='ltr' id='par_1_1' title="bbox 305 179 2097 253">
     <span class='ocr_line' id='line_1_1' title="bbox 305 179 2097 253; baseline 0 -17"><span class='ocrx_word' id='word_1_1' title='bbox 305 179 413 238; x_wconf 81' lang='lat'>796</span> <span class='ocrx_word' id='word_1_2' title='bbox 610 182 885 253; x_wconf 68' lang='lat' dir='ltr'>Viryilius,</span> <span class='ocrx_word' id='word_1_3' title='bbox 914 184 1141 253; x_wconf 78' lang='grc' dir='ltr'>εἰρωνείᾳ</span> <span class='ocrx_word' id='word_1_4' title='bbox 1166 200 1279 234; x_wconf 73' lang='lat' dir='ltr'>vere</span> <span class='ocrx_word' id='word_1_5' title='bbox 1304 181 1643 237; x_wconf 76' lang='lat' dir='ltr'>Platonicus:</span> <span class='ocrx_word' id='word_1_6' title='bbox 1722 203 2097 236; x_wconf 79' lang='lat' dir='ltr'>PRAEL.XXX1X.</span> 
     </span>
    </p>
   </div>
   <div class='ocr_carea' id='block_1_2' title="bbox 302 328 2106 605">
    <p class='ocr_par' dir='ltr' id='par_1_2' title="bbox 302 328 2106 605">
     <span class='ocr_line' id='line_1_2' title="bbox 302 328 2099 411; baseline 0.003 -25"><span class='ocrx_word' id='word_1_7' title='bbox 302 330 637 406; x_wconf 83' lang='lat' dir='ltr'>animisque</span> <span class='ocrx_word' id='word_1_8' title='bbox 667 328 984 387; x_wconf 90' lang='lat' dir='ltr'>hominum</span> <span class='ocrx_word' id='word_1_9' title='bbox 1011 348 1023 386; x_wconf 74' lang='grc' dir='ltr'><strong>ε</strong></span> <span class='ocrx_word' id='word_1_10' title='bbox 1071 348 1193 386; x_wconf 84' lang='grc'><strong>11011</strong></span> <span class='ocrx_word' id='word_1_11' title='bbox 1224 329 1405 387; x_wconf 93' lang='lat' dir='ltr'>modo</span> <span class='ocrx_word' id='word_1_12' title='bbox 1447 329 1910 406; x_wconf 87' lang='lat' dir='ltr'>pulchritudinis</span> <span class='ocrx_word' id='word_1_13' title='bbox 1939 352 2099 411; x_wconf 88' lang='lat' dir='ltr'>erg0‚</span> 
     </span>
     <span class='ocr_line' id='line_1_3' title="bbox 302 428 2106 506; baseline 0.003 -23"><span class='ocrx_word' id='word_1_14' title='bbox 302 446 513 485; x_wconf 86' lang='lat' dir='ltr'>verum</span> <span class='ocrx_word' id='word_1_15' title='bbox 556 429 740 487; x_wconf 92' lang='lat' dir='ltr'>etiam</span> <span class='ocrx_word' id='word_1_16' title='bbox 781 435 1028 506; x_wconf 90' lang='lat' dir='ltr'>propter</span> <span class='ocrx_word' id='word_1_17' title='bbox 1068 428 1568 505; x_wconf 90' lang='lat' dir='ltr'>significationem</span> <span class='ocrx_word' id='word_1_18' title='bbox 1615 448 1843 488; x_wconf 80' lang='lat' dir='ltr'>arcanae</span> <span class='ocrx_word' id='word_1_19' title='bbox 1889 438 1952 489; x_wconf 91' lang='lat' dir='ltr'>et</span> <span class='ocrx_word' id='word_1_20' title='bbox 1998 451 2106 489; x_wconf 87' lang='lat' dir='ltr'>ex—</span> 
     </span>
     <span class='ocr_line' id='line_1_4' title="bbox 302 527 922 605; baseline 0.002 -20"><span class='ocrx_word' id='word_1_21' title='bbox 302 527 480 587; x_wconf 89' lang='lat' dir='ltr'>celsae</span> <span class='ocrx_word' id='word_1_22' title='bbox 511 527 922 605; x_wconf 68' lang='lat' dir='ltr'><strong>philosophiae.</strong></span> 
     </span>
    </p>
   </div>
   <div class='ocr_carea' id='block_1_3' title="bbox 300 633 2112 3474">
    <p class='ocr_par' dir='ltr' id='par_1_3' title="bbox 300 633 2112 3474">
     <span class='ocr_line' id='line_1_5' title="bbox 389 633 2106 713; baseline 0.001 -20"><span class='ocrx_word' id='word_1_23' title='bbox 389 633 513 693; x_wconf 83' lang='lat' dir='ltr'>Sed</span> <span class='ocrx_word' id='word_1_24' title='bbox 549 635 623 693; x_wconf 84' lang='lat' dir='ltr'>ad</span> <span class='ocrx_word' id='word_1_25' title='bbox 667 634 918 692; x_wconf 87' lang='lat' dir='ltr'>tertium</span> <span class='ocrx_word' id='word_1_26' title='bbox 963 633 1114 691; x_wconf 91' lang='lat' dir='ltr'>illud</span> <span class='ocrx_word' id='word_1_27' title='bbox 1157 651 1479 712; x_wconf 90' lang='lat' dir='ltr'>pergamus</span> <span class='ocrx_word' id='word_1_28' title='bbox 1511 633 1754 713; x_wconf 83' lang='lat' dir='ltr'>Virgilii</span> <span class='ocrx_word' id='word_1_29' title='bbox 1798 655 1936 694; x_wconf 91' lang='lat' dir='ltr'>cum</span> <span class='ocrx_word' id='word_1_30' title='bbox 1970 635 2106 695; x_wconf 88' lang='lat' dir='ltr'>Pla-</span> 
     </span>
     <span class='ocr_line' id='line_1_6' title="bbox 301 733 2106 795; baseline 0.002 -3"><span class='ocrx_word' id='word_1_31' title='bbox 301 742 446 793; x_wconf 91' lang='lat' dir='ltr'>tone</span> <span class='ocrx_word' id='word_1_32' title='bbox 490 734 807 793; x_wconf 90' lang='lat' dir='ltr'>sentientis</span> <span class='ocrx_word' id='word_1_33' title='bbox 838 733 1164 791; x_wconf 90' lang='lat' dir='ltr'>indicium:</span> <span class='ocrx_word' id='word_1_34' title='bbox 1212 753 1352 791; x_wconf 92' lang='lat' dir='ltr'>nam</span> <span class='ocrx_word' id='word_1_35' title='bbox 1398 735 1950 794; x_wconf 80' lang='lat' dir='ltr'>manifestissimam</span> <span class='ocrx_word' id='word_1_36' title='bbox 1994 755 2106 795; x_wconf 88' lang='lat' dir='ltr'>sae-</span> 
     </span>
     <span class='ocr_line' id='line_1_7' title="bbox 301 831 2106 912; baseline 0.001 -21"><span class='ocrx_word' id='word_1_37' title='bbox 301 834 435 911; x_wconf 92' lang='lat' dir='ltr'>pius</span> <span class='ocrx_word' id='word_1_38' title='bbox 489 832 739 891; x_wconf 79' lang='lat' dir='ltr'>adhibet</span> <span class='ocrx_word' id='word_1_39' title='bbox 792 831 1098 912; x_wconf 78' lang='grc' dir='ltr'><em>εἰρωνείαν;</em></span> <span class='ocrx_word' id='word_1_40' title='bbox 1173 832 1362 890; x_wconf 90' lang='lat' dir='ltr'>nostis</span> <span class='ocrx_word' id='word_1_41' title='bbox 1414 839 1638 903; x_wconf 86' lang='lat' dir='ltr'>autem,</span> <span class='ocrx_word' id='word_1_42' title='bbox 1689 854 1872 912; x_wconf 88' lang='lat' dir='ltr'>quam</span> <span class='ocrx_word' id='word_1_43' title='bbox 1925 835 2106 893; x_wconf 89' lang='lat' dir='ltr'>vehe-</span> 
     </span>
     <span class='ocr_line' id='line_1_8' title="bbox 300 930 2102 1010; baseline 0.001 -19"><span class='ocrx_word' id='word_1_44' title='bbox 300 939 541 991; x_wconf 79' lang='lat' dir='ltr'>menter</span> <span class='ocrx_word' id='word_1_45' title='bbox 592 932 894 1010; x_wconf 86' lang='lat' dir='ltr'>pertineat</span> <span class='ocrx_word' id='word_1_46' title='bbox 954 950 1026 989; x_wconf 88' lang='lat' dir='ltr'>ea</span> <span class='ocrx_word' id='word_1_47' title='bbox 1083 950 1176 989; x_wconf 92' lang='lat' dir='ltr'>res</span> <span class='ocrx_word' id='word_1_48' title='bbox 1239 931 1314 989; x_wconf 91' lang='lat' dir='ltr'>ad</span> <span class='ocrx_word' id='word_1_49' title='bbox 1385 930 1757 992; x_wconf 82' lang='lat' dir='ltr'>Socraticam</span> <span class='ocrx_word' id='word_1_50' title='bbox 1814 933 2102 993; x_wconf 89' lang='lat' dir='ltr'>indolem.</span> 
     </span>
     <span class='ocr_line' id='line_1_9' title="bbox 302 1029 2104 1112; baseline 0.002 -25"><span class='ocrx_word' id='word_1_51' title='bbox 302 1029 604 1112; x_wconf 80' lang='grc' dir='ltr'>Εἰρωνείαν</span> <span class='ocrx_word' id='word_1_52' title='bbox 664 1031 799 1089; x_wconf 90' lang='lat' dir='ltr'>dico</span> <span class='ocrx_word' id='word_1_53' title='bbox 852 1030 1039 1099; x_wconf 92' lang='lat' dir='ltr'>illam,</span> <span class='ocrx_word' id='word_1_54' title='bbox 1090 1049 1228 1107; x_wconf 86' lang='lat' dir='ltr'>quae</span> <span class='ocrx_word' id='word_1_55' title='bbox 1285 1031 1477 1107; x_wconf 89' lang='lat' dir='ltr'>primo</span> <span class='ocrx_word' id='word_1_56' title='bbox 1523 1030 1789 1090; x_wconf 91' lang='lat' dir='ltr'>ludentis</span> <span class='ocrx_word' id='word_1_57' title='bbox 1842 1033 2104 1109; x_wconf 92' lang='lat' dir='ltr'>speciem</span> 
     </span>
     <span class='ocr_line' id='line_1_10' title="bbox 300 1129 2104 1209; baseline 0 -20"><span class='ocrx_word' id='word_1_58' title='bbox 300 1151 421 1209; x_wconf 85' lang='lat' dir='ltr'>prae</span> <span class='ocrx_word' id='word_1_59' title='bbox 467 1151 531 1189; x_wconf 92' lang='lat' dir='ltr'>se</span> <span class='ocrx_word' id='word_1_60' title='bbox 572 1133 742 1200; x_wconf 85' lang='lat' dir='ltr'>ferat,</span> <span class='ocrx_word' id='word_1_61' title='bbox 777 1130 1014 1207; x_wconf 92' lang='lat' dir='ltr'>quoties</span> <span class='ocrx_word' id='word_1_62' title='bbox 1058 1129 1290 1187; x_wconf 87' lang='lat' dir='ltr'>laudari</span> <span class='ocrx_word' id='word_1_63' title='bbox 1334 1149 1484 1206; x_wconf 89' lang='lat' dir='ltr'>opus</span> <span class='ocrx_word' id='word_1_64' title='bbox 1530 1131 1607 1187; x_wconf 93' lang='lat' dir='ltr'>sit</span> <span class='ocrx_word' id='word_1_65' title='bbox 1655 1130 1749 1188; x_wconf 91' lang='lat' dir='ltr'>vel</span> <span class='ocrx_word' id='word_1_66' title='bbox 1796 1132 1996 1189; x_wconf 85' lang='lat' dir='ltr'>studia</span> <span class='ocrx_word' id='word_1_67' title='bbox 2041 1140 2104 1190; x_wconf 93' lang='lat' dir='ltr'>et</span> 
     </span>
     <span class='ocr_line' id='line_1_11' title="bbox 300 1227 2105 1307; baseline 0 -19"><span class='ocrx_word' id='word_1_68' title='bbox 300 1250 498 1289; x_wconf 89' lang='lat' dir='ltr'>mores</span> <span class='ocrx_word' id='word_1_69' title='bbox 528 1230 949 1297; x_wconf 91' lang='lat' dir='ltr'>animantium,</span> <span class='ocrx_word' id='word_1_70' title='bbox 976 1228 1073 1287; x_wconf 87' lang='lat' dir='ltr'>vel</span> <span class='ocrx_word' id='word_1_71' title='bbox 1097 1227 1215 1287; x_wconf 92' lang='lat' dir='ltr'>alia</span> <span class='ocrx_word' id='word_1_72' title='bbox 1239 1230 1480 1306; x_wconf 80' lang='lat' dir='ltr'>quaevis,</span> <span class='ocrx_word' id='word_1_73' title='bbox 1503 1249 1762 1307; x_wconf 90' lang='lat' dir='ltr'>quorum</span> <span class='ocrx_word' id='word_1_74' title='bbox 1787 1232 2105 1289; x_wconf 85' lang='lat' dir='ltr'>caritatem</span> 
     </span>
     <span class='ocr_line' id='line_1_12' title="bbox 302 1328 2106 1407; baseline 0 -19"><span class='ocrx_word' id='word_1_75' title='bbox 302 1330 677 1390; x_wconf 89' lang='lat' dir='ltr'>dissimulare</span> <span class='ocrx_word' id='word_1_76' title='bbox 720 1329 918 1388; x_wconf 89' lang='lat' dir='ltr'>solent</span> <span class='ocrx_word' id='word_1_77' title='bbox 962 1328 1273 1387; x_wconf 87' lang='lat' dir='ltr'>homines:</span> <span class='ocrx_word' id='word_1_78' title='bbox 1328 1348 1447 1405; x_wconf 93' lang='lat' dir='ltr'>quo</span> <span class='ocrx_word' id='word_1_79' title='bbox 1494 1329 1571 1386; x_wconf 90' lang='lat' dir='ltr'>de</span> <span class='ocrx_word' id='word_1_80' title='bbox 1615 1349 1838 1407; x_wconf 83' lang='lat' dir='ltr'>genere</span> <span class='ocrx_word' id='word_1_81' title='bbox 1866 1331 2106 1407; x_wconf 88' lang='lat' dir='ltr'>jamdiu</span> 
     </span>
     <span class='ocr_line' id='line_1_13' title="bbox 301 1428 2105 1489; baseline 0 0"><span class='ocrx_word' id='word_1_82' title='bbox 301 1431 445 1489; x_wconf 89' lang='lat' dir='ltr'>satis</span> <span class='ocrx_word' id='word_1_83' title='bbox 502 1429 699 1489; x_wconf 89' lang='lat' dir='ltr'>multa</span> <span class='ocrx_word' id='word_1_84' title='bbox 750 1437 890 1488; x_wconf 91' lang='lat' dir='ltr'>sunt</span> <span class='ocrx_word' id='word_1_85' title='bbox 952 1430 1133 1488; x_wconf 91' lang='lat' dir='ltr'>dicta.</span> <span class='ocrx_word' id='word_1_86' title='bbox 1227 1428 1350 1487; x_wconf 83' lang='lat' dir='ltr'>Sed</span> <span class='ocrx_word' id='word_1_87' title='bbox 1412 1429 1740 1487; x_wconf 89' lang='lat' dir='ltr'>videndum</span> <span class='ocrx_word' id='word_1_88' title='bbox 1800 1450 1876 1489; x_wconf 92' lang='lat' dir='ltr'>an</span> <span class='ocrx_word' id='word_1_89' title='bbox 1924 1429 2105 1489; x_wconf 91' lang='lat' dir='ltr'>altius</span> 
     </span>
     <span class='ocr_line' id='line_1_14' title="bbox 302 1528 2106 1608; baseline 0 -20"><span class='ocrx_word' id='word_1_90' title='bbox 302 1530 522 1588; x_wconf 88' lang='lat' dir='ltr'>debeat</span> <span class='ocrx_word' id='word_1_91' title='bbox 556 1531 680 1608; x_wconf 86' lang='lat' dir='ltr'>peti</span> <span class='ocrx_word' id='word_1_92' title='bbox 718 1529 1076 1608; x_wconf 78' lang='lat' dir='ltr'>Virgilianae</span> <span class='ocrx_word' id='word_1_93' title='bbox 1119 1528 1612 1588; x_wconf 86' lang='lat' dir='ltr'>dissimulationis</span> <span class='ocrx_word' id='word_1_94' title='bbox 1645 1531 1835 1600; x_wconf 91' lang='lat' dir='ltr'>ratio;</span> <span class='ocrx_word' id='word_1_95' title='bbox 1883 1530 2106 1607; x_wconf 89' lang='lat' dir='ltr'>quippe</span> 
     </span>
     <span class='ocr_line' id='line_1_15' title="bbox 301 1614 2105 1707; baseline -0.001 -18"><span class='ocrx_word' id='word_1_96' title='bbox 301 1630 524 1689; x_wconf 84' lang='lat' dir='ltr'>arctius</span> <span class='ocrx_word' id='word_1_97' title='bbox 576 1614 926 1706; x_wconf 35' lang='lat' dir='ltr'>&#39;conjuncta</span> <span class='ocrx_word' id='word_1_98' title='bbox 985 1649 1125 1687; x_wconf 90' lang='lat' dir='ltr'>cum</span> <span class='ocrx_word' id='word_1_99' title='bbox 1187 1649 1328 1687; x_wconf 88' lang='lat' dir='ltr'>vero</span> <span class='ocrx_word' id='word_1_100' title='bbox 1389 1637 1452 1687; x_wconf 92' lang='lat' dir='ltr'>et</span> <span class='ocrx_word' id='word_1_101' title='bbox 1511 1649 1799 1707; x_wconf 90' lang='lat' dir='ltr'>germano</span> <span class='ocrx_word' id='word_1_102' title='bbox 1859 1631 2105 1707; x_wconf 91' lang='lat' dir='ltr'>pudore,</span> 
     </span>
     <span class='ocr_line' id='line_1_16' title="bbox 301 1730 2108 1807; baseline -0.001 -18"><span class='ocrx_word' id='word_1_103' title='bbox 301 1750 564 1807; x_wconf 91' lang='lat' dir='ltr'>cumque</span> <span class='ocrx_word' id='word_1_104' title='bbox 632 1732 885 1800; x_wconf 86' lang='lat' dir='ltr'>erudita,</span> <span class='ocrx_word' id='word_1_105' title='bbox 941 1749 1123 1807; x_wconf 88' lang='lat' dir='ltr'>quam</span> <span class='ocrx_word' id='word_1_106' title='bbox 1183 1736 1420 1799; x_wconf 89' lang='lat' dir='ltr'>vocant,</span> <span class='ocrx_word' id='word_1_107' title='bbox 1473 1731 1727 1799; x_wconf 81' lang='lat' dir='ltr'>inscitia,</span> <span class='ocrx_word' id='word_1_108' title='bbox 1781 1750 1913 1807; x_wconf 83' lang='lat' dir='ltr'>quae</span> <span class='ocrx_word' id='word_1_109' title='bbox 1975 1730 2108 1807; x_wconf 93' lang='lat' dir='ltr'>plu—</span> 
     </span>
     <span class='ocr_line' id='line_1_17' title="bbox 301 1828 2108 1907; baseline 0 -20"><span class='ocrx_word' id='word_1_110' title='bbox 301 1830 455 1889; x_wconf 86' lang='lat' dir='ltr'>rima</span> <span class='ocrx_word' id='word_1_111' title='bbox 493 1850 730 1907; x_wconf 89' lang='lat' dir='ltr'>semper</span> <span class='ocrx_word' id='word_1_112' title='bbox 768 1849 831 1888; x_wconf 92' lang='lat' dir='ltr'>se</span> <span class='ocrx_word' id='word_1_113' title='bbox 869 1830 1099 1888; x_wconf 89' lang='lat' dir='ltr'>nescire</span> <span class='ocrx_word' id='word_1_114' title='bbox 1136 1835 1200 1886; x_wconf 93' lang='lat' dir='ltr'>et</span> <span class='ocrx_word' id='word_1_115' title='bbox 1237 1828 1502 1887; x_wconf 89' lang='lat' dir='ltr'>fateatur</span> <span class='ocrx_word' id='word_1_116' title='bbox 1533 1835 1595 1887; x_wconf 92' lang='lat' dir='ltr'>et</span> <span class='ocrx_word' id='word_1_117' title='bbox 1627 1848 1703 1888; x_wconf 85' lang='lat' dir='ltr'>ex</span> <span class='ocrx_word' id='word_1_118' title='bbox 1741 1829 1942 1887; x_wconf 89' lang='lat' dir='ltr'>animo</span> <span class='ocrx_word' id='word_1_119' title='bbox 1975 1848 2108 1887; x_wconf 92' lang='lat' dir='ltr'>sen-</span> 
     </span>
     <span class='ocr_line' id='line_1_18' title="bbox 301 1922 2107 2008; baseline -0.001 -21"><span class='ocrx_word' id='word_1_120' title='bbox 301 1930 434 1988; x_wconf 89' lang='lat' dir='ltr'>tiat.</span> <span class='ocrx_word' id='word_1_121' title='bbox 543 1922 696 1988; x_wconf 88' lang='lat' dir='ltr'>Inde</span> <span class='ocrx_word' id='word_1_122' title='bbox 763 1930 982 2008; x_wconf 79' lang='lat' dir='ltr'>saepius</span> <span class='ocrx_word' id='word_1_123' title='bbox 1052 1928 1338 1987; x_wconf 85' lang='lat' dir='ltr'>effectum</span> <span class='ocrx_word' id='word_1_124' title='bbox 1400 1947 1529 1988; x_wconf 91' lang='lat' dir='ltr'>esse</span> <span class='ocrx_word' id='word_1_125' title='bbox 1599 1928 1975 1997; x_wconf 89' lang='lat' dir='ltr'>crediderim,</span> <span class='ocrx_word' id='word_1_126' title='bbox 2037 1935 2107 1986; x_wconf 90' lang='lat' dir='ltr'>ut</span> 
     </span>
     <span class='ocr_line' id='line_1_19' title="bbox 302 2027 2109 2108; baseline -0.001 -21"><span class='ocrx_word' id='word_1_127' title='bbox 302 2029 471 2088; x_wconf 90' lang='lat' dir='ltr'>nulla</span> <span class='ocrx_word' id='word_1_128' title='bbox 529 2030 821 2108; x_wconf 86' lang='lat' dir='ltr'>religione</span> <span class='ocrx_word' id='word_1_129' title='bbox 866 2029 1177 2108; x_wconf 81' lang='lat' dir='ltr'>Virgilius,</span> <span class='ocrx_word' id='word_1_130' title='bbox 1232 2027 1369 2087; x_wconf 91' lang='lat' dir='ltr'>talis</span> <span class='ocrx_word' id='word_1_131' title='bbox 1421 2029 1527 2096; x_wconf 90' lang='lat' dir='ltr'>vir,</span> <span class='ocrx_word' id='word_1_132' title='bbox 1574 2028 1950 2086; x_wconf 85' lang='lat' dir='ltr'>imitatorum</span> <span class='ocrx_word' id='word_1_133' title='bbox 2012 2048 2109 2087; x_wconf 92' lang='lat' dir='ltr'>ca-</span> 
     </span>
     <span class='ocr_line' id='line_1_20' title="bbox 304 2127 2108 2208; baseline -0.001 -21"><span class='ocrx_word' id='word_1_134' title='bbox 304 2130 488 2188; x_wconf 88' lang='lat' dir='ltr'>tervis</span> <span class='ocrx_word' id='word_1_135' title='bbox 519 2149 581 2189; x_wconf 92' lang='lat' dir='ltr'>se</span> <span class='ocrx_word' id='word_1_136' title='bbox 619 2130 993 2208; x_wconf 88' lang='lat' dir='ltr'>adjungeret.</span> <span class='ocrx_word' id='word_1_137' title='bbox 1085 2130 1294 2207; x_wconf 89' lang='lat' dir='ltr'>Fingit</span> <span class='ocrx_word' id='word_1_138' title='bbox 1325 2149 1388 2187; x_wconf 94' lang='lat' dir='ltr'>se</span> <span class='ocrx_word' id='word_1_139' title='bbox 1419 2127 1705 2187; x_wconf 88' lang='lat' dir='ltr'>videlicet</span> <span class='ocrx_word' id='word_1_140' title='bbox 1742 2148 2108 2206; x_wconf 92' lang='lat' dir='ltr'>unoquoque</span> 
     </span>
     <span class='ocr_line' id='line_1_21' title="bbox 303 2227 2106 2305; baseline -0.001 -18"><span class='ocrx_word' id='word_1_141' title='bbox 303 2231 568 2287; x_wconf 90' lang='lat' dir='ltr'>carmine</span> <span class='ocrx_word' id='word_1_142' title='bbox 614 2250 828 2288; x_wconf 91' lang='lat' dir='ltr'>canere</span> <span class='ocrx_word' id='word_1_143' title='bbox 869 2237 976 2287; x_wconf 92' lang='lat' dir='ltr'>aut</span> <span class='ocrx_word' id='word_1_144' title='bbox 1018 2227 1331 2287; x_wconf 88' lang='lat' dir='ltr'>Ascraeum</span> <span class='ocrx_word' id='word_1_145' title='bbox 1374 2228 1618 2305; x_wconf 92' lang='lat' dir='ltr'>aliquid,</span> <span class='ocrx_word' id='word_1_146' title='bbox 1662 2235 1769 2286; x_wconf 90' lang='lat' dir='ltr'>aut</span> <span class='ocrx_word' id='word_1_147' title='bbox 1813 2227 2106 2297; x_wconf 83' lang='lat' dir='ltr'>Siculum,</span> 
     </span>
     <span class='ocr_line' id='line_1_22' title="bbox 303 2326 2107 2404; baseline 0 -18"><span class='ocrx_word' id='word_1_148' title='bbox 303 2336 409 2386; x_wconf 93' lang='lat' dir='ltr'>aut</span> <span class='ocrx_word' id='word_1_149' title='bbox 459 2326 901 2386; x_wconf 90' lang='lat' dir='ltr'>Homericum:</span> <span class='ocrx_word' id='word_1_150' title='bbox 951 2347 1091 2386; x_wconf 91' lang='lat' dir='ltr'>cum</span> <span class='ocrx_word' id='word_1_151' title='bbox 1153 2326 1440 2404; x_wconf 88' lang='lat' dir='ltr'>pleraque</span> <span class='ocrx_word' id='word_1_152' title='bbox 1499 2333 1707 2385; x_wconf 89' lang='lat' dir='ltr'>tamen</span> <span class='ocrx_word' id='word_1_153' title='bbox 1767 2328 1855 2385; x_wconf 91' lang='lat' dir='ltr'>ita</span> <span class='ocrx_word' id='word_1_154' title='bbox 1914 2335 2107 2386; x_wconf 89' lang='lat' dir='ltr'>trans—</span> 
     </span>
     <span class='ocr_line' id='line_1_23' title="bbox 302 2426 2109 2504; baseline 0.001 -19"><span class='ocrx_word' id='word_1_155' title='bbox 302 2427 533 2496; x_wconf 90' lang='lat' dir='ltr'>tulerit,</span> <span class='ocrx_word' id='word_1_156' title='bbox 579 2434 650 2485; x_wconf 89' lang='lat' dir='ltr'>ut</span> <span class='ocrx_word' id='word_1_157' title='bbox 697 2435 760 2484; x_wconf 88' lang='lat' dir='ltr'>et</span> <span class='ocrx_word' id='word_1_158' title='bbox 808 2428 1046 2504; x_wconf 90' lang='lat' dir='ltr'>propria</span> <span class='ocrx_word' id='word_1_159' title='bbox 1086 2426 1434 2495; x_wconf 88' lang='lat' dir='ltr'>reddiderit,</span> <span class='ocrx_word' id='word_1_160' title='bbox 1482 2434 1545 2485; x_wconf 93' lang='lat' dir='ltr'>et</span> <span class='ocrx_word' id='word_1_161' title='bbox 1585 2426 1795 2485; x_wconf 92' lang='lat' dir='ltr'>multis</span> <span class='ocrx_word' id='word_1_162' title='bbox 1837 2428 2109 2504; x_wconf 88' lang='lat' dir='ltr'>partibus</span> 
     </span>
     <span class='ocr_line' id='line_1_24' title="bbox 302 2525 2110 2603; baseline -0.001 -18"><span class='ocrx_word' id='word_1_163' title='bbox 302 2526 570 2585; x_wconf 90' lang='lat' dir='ltr'>meliora.</span> <span class='ocrx_word' id='word_1_164' title='bbox 662 2525 785 2585; x_wconf 83' lang='lat' dir='ltr'>Sed</span> <span class='ocrx_word' id='word_1_165' title='bbox 824 2527 1186 2585; x_wconf 61' lang='lat' dir='ltr'>‘verecundia</span> <span class='ocrx_word' id='word_1_166' title='bbox 1217 2527 1477 2603; x_wconf 89' lang='lat' dir='ltr'>quadam</span> <span class='ocrx_word' id='word_1_167' title='bbox 1511 2532 1574 2583; x_wconf 90' lang='lat' dir='ltr'>et</span> <span class='ocrx_word' id='word_1_168' title='bbox 1604 2525 1852 2584; x_wconf 88' lang='lat' dir='ltr'>fallendi</span> <span class='ocrx_word' id='word_1_169' title='bbox 1884 2545 2110 2595; x_wconf 92' lang='lat' dir='ltr'>amore,</span> 
     </span>
     <span class='ocr_line' id='line_1_25' title="bbox 302 2624 2112 2701; baseline -0.001 -17"><span class='ocrx_word' id='word_1_170' title='bbox 302 2625 519 2685; x_wconf 91' lang='lat' dir='ltr'>maluit</span> <span class='ocrx_word' id='word_1_171' title='bbox 550 2625 700 2683; x_wconf 91' lang='lat' dir='ltr'>nihil</span> <span class='ocrx_word' id='word_1_172' title='bbox 732 2625 923 2682; x_wconf 90' lang='lat' dir='ltr'>ferme</span> <span class='ocrx_word' id='word_1_173' title='bbox 955 2632 1243 2701; x_wconf 87' lang='lat' dir='ltr'>tanquam</span> <span class='ocrx_word' id='word_1_174' title='bbox 1277 2624 1352 2681; x_wconf 91' lang='lat' dir='ltr'>de</span> <span class='ocrx_word' id='word_1_175' title='bbox 1383 2643 1491 2682; x_wconf 93' lang='lat' dir='ltr'>suo</span> <span class='ocrx_word' id='word_1_176' title='bbox 1532 2624 1787 2683; x_wconf 88' lang='lat' dir='ltr'>tradere.</span> <span class='ocrx_word' id='word_1_177' title='bbox 1892 2624 2112 2701; x_wconf 90' lang='lat' dir='ltr'>Itaque</span> 
     </span>
     <span class='ocr_line' id='line_1_26' title="bbox 305 2723 2108 2802; baseline -0.002 -19"><span class='ocrx_word' id='word_1_178' title='bbox 305 2724 628 2783; x_wconf 83' lang='lat' dir='ltr'>Socraticae</span> <span class='ocrx_word' id='word_1_179' title='bbox 666 2723 885 2782; x_wconf 92' lang='lat' dir='ltr'>indolis</span> <span class='ocrx_word' id='word_1_180' title='bbox 927 2724 1237 2801; x_wconf 91' lang='lat' dir='ltr'>specimen</span> <span class='ocrx_word' id='word_1_181' title='bbox 1283 2725 1474 2782; x_wconf 91' lang='lat' dir='ltr'>edidit</span> <span class='ocrx_word' id='word_1_182' title='bbox 1519 2743 1717 2801; x_wconf 89' lang='lat' dir='ltr'>neque</span> <span class='ocrx_word' id='word_1_183' title='bbox 1755 2724 2108 2802; x_wconf 89' lang='lat' dir='ltr'>ambiguum</span> 
     </span>
     <span class='ocr_line' id='line_1_27' title="bbox 303 2820 2111 2900; baseline -0.001 -21"><span class='ocrx_word' id='word_1_184' title='bbox 303 2842 501 2900; x_wconf 91' lang='lat' dir='ltr'>neque</span> <span class='ocrx_word' id='word_1_185' title='bbox 548 2822 965 2899; x_wconf 88' lang='lat' dir='ltr'>injucundum.</span> <span class='ocrx_word' id='word_1_186' title='bbox 1058 2821 1149 2880; x_wconf 93' lang='lat' dir='ltr'>Ut</span> <span class='ocrx_word' id='word_1_187' title='bbox 1195 2842 1272 2880; x_wconf 91' lang='lat' dir='ltr'>ne</span> <span class='ocrx_word' id='word_1_188' title='bbox 1324 2822 1562 2890; x_wconf 92' lang='lat' dir='ltr'>mirere,</span> <span class='ocrx_word' id='word_1_189' title='bbox 1609 2821 1867 2898; x_wconf 83' lang='lat' dir='ltr'>praeberi</span> <span class='ocrx_word' id='word_1_190' title='bbox 1912 2820 1990 2878; x_wconf 90' lang='lat' dir='ltr'>ab</span> <span class='ocrx_word' id='word_1_191' title='bbox 2038 2839 2111 2878; x_wconf 90' lang='lat' dir='ltr'>eo</span> 
     </span>
     <span class='ocr_line' id='line_1_28' title="bbox 304 2919 2111 2999; baseline -0.002 -20"><span class='ocrx_word' id='word_1_192' title='bbox 304 2921 560 2979; x_wconf 91' lang='lat' dir='ltr'>eandem</span> <span class='ocrx_word' id='word_1_193' title='bbox 591 2921 951 2978; x_wconf 92' lang='lat' dir='ltr'>modestiam</span> <span class='ocrx_word' id='word_1_194' title='bbox 995 2921 1057 2978; x_wconf 93' lang='lat' dir='ltr'>in</span> <span class='ocrx_word' id='word_1_195' title='bbox 1098 2939 1162 2978; x_wconf 89' lang='lat' dir='ltr'>re</span> <span class='ocrx_word' id='word_1_196' title='bbox 1191 2939 1430 2997; x_wconf 88' lang='lat' dir='ltr'>quaque</span> <span class='ocrx_word' id='word_1_197' title='bbox 1466 2919 1779 2999; x_wconf 81' lang='lat' dir='ltr'>graviore3</span> <span class='ocrx_word' id='word_1_198' title='bbox 1823 2919 2111 2988; x_wconf 85' lang='lat' dir='ltr'>maxime,</span> 
     </span>
     <span class='ocr_line' id='line_1_29' title="bbox 304 3017 2110 3098; baseline -0.002 -20"><span class='ocrx_word' id='word_1_199' title='bbox 304 3021 596 3097; x_wconf 90' lang='lat' dir='ltr'>siquando</span> <span class='ocrx_word' id='word_1_200' title='bbox 656 3020 950 3098; x_wconf 90' lang='lat' dir='ltr'>agebatur</span> <span class='ocrx_word' id='word_1_201' title='bbox 1018 3040 1303 3078; x_wconf 90' lang='lat' dir='ltr'>arcanum</span> <span class='ocrx_word' id='word_1_202' title='bbox 1365 3039 1434 3077; x_wconf 92' lang='lat' dir='ltr'>ac</span> <span class='ocrx_word' id='word_1_203' title='bbox 1504 3019 1775 3076; x_wconf 85' lang='lat' dir='ltr'>divinum</span> <span class='ocrx_word' id='word_1_204' title='bbox 1849 3017 2110 3094; x_wconf 90' lang='lat' dir='ltr'>aliquod.</span> 
     </span>
     <span class='ocr_line' id='line_1_30' title="bbox 305 3117 2112 3198; baseline -0.003 -20"><span class='ocrx_word' id='word_1_205' title='bbox 305 3118 502 3178; x_wconf 92' lang='lat' dir='ltr'>Velut</span> <span class='ocrx_word' id='word_1_206' title='bbox 555 3119 660 3177; x_wconf 92' lang='lat' dir='ltr'>ubi</span> <span class='ocrx_word' id='word_1_207' title='bbox 705 3120 903 3198; x_wconf 90' lang='lat' dir='ltr'>tangit</span> <span class='ocrx_word' id='word_1_208' title='bbox 956 3118 1203 3178; x_wconf 89' lang='lat' dir='ltr'>ultimas</span> <span class='ocrx_word' id='word_1_209' title='bbox 1247 3119 1573 3196; x_wconf 91' lang='lat' dir='ltr'>impiorum</span> <span class='ocrx_word' id='word_1_210' title='bbox 1630 3136 1854 3195; x_wconf 80' lang='lat' dir='ltr'>poenaS,</span> <span class='ocrx_word' id='word_1_211' title='bbox 1901 3135 1978 3174; x_wconf 92' lang='lat' dir='ltr'>ne</span> <span class='ocrx_word' id='word_1_212' title='bbox 2022 3117 2112 3173; x_wconf 90' lang='lat' dir='ltr'>in-</span> 
     </span>
     <span class='ocr_line' id='line_1_31' title="bbox 305 3215 2109 3296; baseline -0.003 -19"><span class='ocrx_word' id='word_1_213' title='bbox 305 3227 609 3296; x_wconf 87' lang='lat' dir='ltr'>terrogare</span> <span class='ocrx_word' id='word_1_214' title='bbox 640 3219 886 3296; x_wconf 91' lang='lat' dir='ltr'>quidem</span> <span class='ocrx_word' id='word_1_215' title='bbox 919 3219 1061 3277; x_wconf 90' lang='lat' dir='ltr'>sinit</span> <span class='ocrx_word' id='word_1_216' title='bbox 1091 3217 1348 3275; x_wconf 86' lang='lat' dir='ltr'>AEneam</span> <span class='ocrx_word' id='word_1_217' title='bbox 1381 3219 1456 3277; x_wconf 93' lang='lat' dir='ltr'>de</span> <span class='ocrx_word' id='word_1_218' title='bbox 1487 3216 1785 3275; x_wconf 89' lang='lat' dir='ltr'>horrendo</span> <span class='ocrx_word' id='word_1_219' title='bbox 1818 3222 1880 3273; x_wconf 91' lang='lat' dir='ltr'>et</span> <span class='ocrx_word' id='word_1_220' title='bbox 1919 3215 2109 3272; x_wconf 91' lang='lat' dir='ltr'>atroci</span> 
     </span>
     <span class='ocr_line' id='line_1_32' title="bbox 304 3313 2110 3389; baseline -0.002 -15"><span class='ocrx_word' id='word_1_221' title='bbox 304 3317 477 3375; x_wconf 91' lang='lat' dir='ltr'>loco:</span> <span class='ocrx_word' id='word_1_222' title='bbox 524 3317 751 3375; x_wconf 91' lang='lat' dir='ltr'>nedum</span> <span class='ocrx_word' id='word_1_223' title='bbox 791 3319 854 3375; x_wconf 92' lang='lat' dir='ltr'>in</span> <span class='ocrx_word' id='word_1_224' title='bbox 885 3338 1024 3375; x_wconf 92' lang='lat' dir='ltr'>eum</span> <span class='ocrx_word' id='word_1_225' title='bbox 1068 3319 1273 3386; x_wconf 90' lang='lat' dir='ltr'>intret,</span> <span class='ocrx_word' id='word_1_226' title='bbox 1305 3337 1459 3375; x_wconf 88' lang='lat' dir='ltr'>neve</span> <span class='ocrx_word' id='word_1_227' title='bbox 1504 3315 1692 3374; x_wconf 91' lang='lat' dir='ltr'>oculis</span> <span class='ocrx_word' id='word_1_228' title='bbox 1733 3315 1952 3373; x_wconf 88' lang='lat' dir='ltr'>lustret</span> <span class='ocrx_word' id='word_1_229' title='bbox 1982 3313 2110 3389; x_wconf 89' lang='lat' dir='ltr'>ejus</span> 
     </span>
     <span class='ocr_line' id='line_1_33' title="bbox 307 3423 601 3474; baseline -0.003 0"><span class='ocrx_word' id='word_1_230' title='bbox 307 3423 542 3474; x_wconf 88' lang='lat' dir='ltr'>secreta</span> <span class='ocrx_word' id='word_1_231' title='bbox 560 3423 601 3473; x_wconf 82' lang='lat'>².</span> 
     </span>
    </p>
   </div>
   <div class='ocr_carea' id='block_1_4' title="bbox 550 3516 1738 3564">
    <p class='ocr_par' dir='ltr' id='par_1_4' title="bbox 550 3516 1738 3564">
     <span class='ocr_line' id='line_1_34' title="bbox 550 3516 1738 3564; baseline -0.001 -3"><span class='ocrx_word' id='word_1_232' title='bbox 550 3516 679 3562; x_wconf 92' lang='lat' dir='ltr'>Nulli</span> <span class='ocrx_word' id='word_1_233' title='bbox 700 3518 768 3563; x_wconf 84' lang='lat' dir='ltr'>fas</span> <span class='ocrx_word' id='word_1_234' title='bbox 792 3526 916 3564; x_wconf 87' lang='lat' dir='ltr'>casto</span> <span class='ocrx_word' id='word_1_235' title='bbox 939 3519 1204 3564; x_wconf 86' lang='lat' dir='ltr'>sceleratum</span> <span class='ocrx_word' id='word_1_236' title='bbox 1228 3517 1435 3562; x_wconf 86' lang='lat' dir='ltr'>insistere</span> <span class='ocrx_word' id='word_1_237' title='bbox 1456 3517 1596 3561; x_wconf 84' lang='lat' dir='ltr'>limen</span> <span class='ocrx_word' id='word_1_238' title='bbox 1602 3550 1738 3560; x_wconf 89' lang='lat'>.....</span> 
     </span>
    </p>
   </div>
   <div class='ocr_carea' id='block_1_5' title="bbox 1034 3639 1388 3698">
    <p class='ocr_par' dir='ltr' id='par_1_5' title="bbox 1034 3639 1388 3698">
     <span class='ocr_line' id='line_1_35' title="bbox 1034 3639 1388 3698; baseline -0.006 -13"><span class='ocrx_word' id='word_1_239' title='bbox 1034 3649 1053 3671; x_wconf 91' lang='lat' dir='ltr'>z</span> <span class='ocrx_word' id='word_1_240' title='bbox 1076 3641 1192 3686; x_wconf 83' lang='lat' dir='ltr'>AEn.</span> <span class='ocrx_word' id='word_1_241' title='bbox 1217 3639 1259 3685; x_wconf 78' lang='lat'>6,</span> <span class='ocrx_word' id='word_1_242' title='bbox 1285 3639 1388 3698; x_wconf 91' lang='lat'>563.</span> 
     </span>
    </p>
   </div>
   <div class='ocr_carea' id='block_1_6' title="bbox 2264 3366 2288 3614">
    <p class='ocr_par' dir='ltr' id='par_1_6' title="bbox 2264 3366 2288 3614">
     <span class='ocr_line' id='line_1_36' title="bbox 2264 3366 2288 3614; textangle 90"><span class='ocrx_word' id='word_1_243' title='bbox 2274 3602 2281 3614; x_wconf 66' lang='lat'><em>2</em></span> <span class='ocrx_word' id='word_1_244' title='bbox 2264 3524 2286 3546; x_wconf 50' lang='lat'>28</span> <span class='ocrx_word' id='word_1_245' title='bbox 2264 3402 2288 3520; x_wconf 46' lang='lat'>&#39;&#39;53:&#39;&#39;3&#39;85·⁷,*</span> <span class='ocrx_word' id='word_1_246' title='bbox 2273 3381 2288 3398; x_wconf 67' lang='grc' dir='ltr'>ἒπ</span> <span class='ocrx_word' id='word_1_247' title='bbox 2275 3366 2279 3374; x_wconf 94' lang='grc'><em>“</em></span> 
     </span>
    </p>
   </div>
  </div>
 </body>
</html>
