2288 4036
275 198 382 252 718
547 197 802 267 Viryilius
828 197 1108 250 adolescens
1134 199 1254 250 ruri
1279 216 1329 251 se
1355 199 1668 252 addixerat:
1704 221 1862 254 PRAEL.
1887 223 2071 256 xxxvr.

274 353 489 422 sponte
521 365 640 403 non
673 346 938 402 incurrat
970 364 1062 402 res
1096 346 1223 421 ipsa
1254 347 1314 402 in
1349 345 1681 424 legentium
1715 330 1951 407 oculos:
2003 359 2071 407 ut

274 446 692 512 concedamus,
715 444 974 501 dubitari
1008 463 1199 521 posse,
1226 464 1303 502 an
1333 445 1496 503 aliud
1529 447 1850 523 quicquam
1882 451 2072 526 magis

273 552 488 601 sonent
527 542 792 600 carmina
837 542 982 618 ejuS,
1015 562 1197 618 quam
1243 544 1394 601 ruris
1438 564 1508 602 ac
1554 552 1781 603 naturae
1827 545 2070 604 laudes:

272 643 458 718 ipsius
506 641 711 698 Poetae
755 641 1050 698 habemus
1096 641 1394 699 directum
1441 649 1504 700 et
1556 651 1833 719 apertum
1883 644 1958 702 de
2012 664 2074 702 se

273 759 499 815 suaque
549 738 752 796 indole
802 739 1259 808 testimonium3
1312 738 1430 797 illis
1469 739 1752 798 videlicet
1791 742 2075 810 versibUS,

273 838 372 914 qui
414 838 545 913 jam
599 856 719 893 non
766 835 954 893 semel
1000 856 1036 894 a
1080 836 1252 894 nobis
1299 837 1537 895 recitati
1588 846 1767 906 sunt3
1821 859 2073 915 quorum

273 936 399 993 haec
432 936 680 993 tandem
713 953 951 992 summa
982 935 1220 993 evadit:

518 1059 644 1103 Rura
664 1058 776 1102 mihi
797 1065 840 1102 et
862 1059 982 1116 rigui
1004 1059 1209 1116 placeant
1231 1059 1278 1103 in
1300 1059 1493 1103 vallibus
1517 1075 1699 1112 amnes3

517 1132 726 1176 Flumina
748 1147 895 1176 amem
920 1134 1158 1192 sylvasque
1180 1133 1417 1192 inglorius

275 1237 424 1305 Illis,
448 1238 711 1313 inquam,
736 1237 1003 1294 versibus
1036 1237 1205 1295 velut
1238 1257 1315 1295 ex
1347 1239 1547 1296 edicto
1580 1238 1845 1296 declarat
1868 1238 2076 1309 Poeta,

273 1355 532 1412 quonam
571 1335 717 1393 velit
759 1355 887 1393 esse
934 1335 1085 1404 loce,
1118 1355 1387 1412 quasque
1428 1356 1491 1394 se
1528 1344 1736 1394 tenere
1777 1337 2078 1416 intelligat

272 1439 474 1509 partes
514 1434 576 1490 in
623 1432 806 1490 choro
853 1432 957 1490 illo
1004 1433 1379 1490 sanctissimo
1423 1442 1706 1508 coetuque
1739 1432 2076 1492 Musarum.

275 1531 628 1608 Eademque
659 1531 849 1589 ferme
881 1532 1052 1589 istius
1098 1531 1421 1589 sententiae
1454 1531 1542 1588 vis
1573 1550 1702 1589 esse
1736 1532 1973 1590 videtur
2017 1535 2078 1591 in

273 1650 337 1687 re
379 1631 634 1707 poetica,
667 1651 735 1688 ac
768 1631 971 1707 siquiS,
1005 1639 1074 1688 ut
1104 1630 1190 1698 fit,
1223 1631 1284 1688 in
1316 1650 1380 1687 re
1413 1630 1617 1687 divina
1646 1632 1790 1707 quid
1837 1632 2077 1701 sentiat,

273 1731 698 1808 proferendum
732 1739 920 1800 curet,
954 1731 1262 1808 conceptis
1296 1731 1371 1787 de
1402 1750 1569 1788 more
1601 1732 1815 1790 verbis.

361 1830 571 1906 Atque
623 1829 717 1887 his
763 1830 1009 1907 quidem
1056 1829 1342 1896 versibUS,
1391 1830 1682 1886 maturior
1731 1850 1870 1887 cum
1920 1838 2078 1888 esset

273 1937 403 1987 tum
449 1929 620 1987 annis
653 1938 787 1986 tum
820 1949 932 1986 usu
965 1929 1284 1996 scribendi,
1317 1936 1604 2005 tanquam
1652 1949 1727 1986 ex
1776 1929 2080 2006 superiore

274 2028 407 2085 loco
451 2028 526 2085 de
567 2047 630 2084 se
665 2027 969 2103 judicasse
1003 2028 1275 2085 videtur:
1323 2028 1428 2084 sed
1461 2028 1674 2084 eadem
1712 2026 1900 2084 ferme
1933 2029 2081 2085 omi-

273 2134 452 2184 natus
501 2134 645 2193 erat,
696 2146 832 2202 quae
886 2126 1002 2183 fuit
1056 2126 1183 2202 ejus
1237 2125 1574 2201 prudentia,
1622 2144 1761 2182 cum
1818 2127 2079 2202 primum

275 2225 569 2283 Bucolica
599 2225 902 2301 pangebat
923 2233 961 2281 e.
1027 2216 1029 2219 ’

519 2334 640 2380 Cum
663 2350 870 2380 canerem
893 2350 1022 2393 reges
1045 2342 1088 2379 et
1110 2335 1279 2393 praelia,
1305 2335 1532 2395 Cynthius
1555 2350 1711 2379 aurem

519 2408 672 2462 Vellit,
697 2415 740 2453 et
762 2408 1016 2462 admonuit,
1042 2408 1291 2461 Pastorem,
1314 2409 1485 2468 Tityre,
1508 2409 1701 2467 pingues

519 2482 707 2528 Pascere
729 2490 906 2541 oportet
928 2498 1050 2535 oves,
1076 2482 1326 2527 deductum
1349 2481 1495 2527 dicere
1518 2497 1714 2527 carmen.

276 2588 592 2667 Intelligas
645 2590 913 2658 fortasse,
951 2588 1185 2648 Varum
1228 2589 1550 2665 quendam,
1598 2588 1947 2665 primarium
1997 2587 2083 2643 vi-

276 2708 427 2756 rum,
461 2709 599 2746 cum
634 2688 827 2746 Poeta
873 2689 1082 2766 egisse,
1122 2696 1193 2745 ut
1239 2687 1459 2745 omisso
1503 2706 1727 2765 genere
1771 2686 1876 2743 illo
1922 2692 2083 2744 tran-

277 2787 466 2863 quillo
510 2796 573 2845 et
623 2788 862 2865 agresti,
909 2787 1210 2845 conferret
1263 2806 1326 2844 se
1375 2787 1577 2863 potius
1630 2786 1703 2843 ad
1754 2783 2082 2843 Homerica

279 2886 558 2962 quaedam
591 2885 924 2944 scribenda.
1017 2884 1226 2942 Talem
1269 2884 1532 2961 aliquam
1581 2884 2080 2962 significationem

278 2984 524 3054 habent,
556 2985 613 3042 ni
650 2984 842 3053 fallor,
876 3004 1013 3060 quae
1046 2984 1322 3061 proxime
1353 2983 1428 3041 ab
1461 2982 1552 3041 his
1585 2982 1902 3060 leguntur:

523 3101 662 3145 Nunc
685 3116 770 3160 ego
794 3101 1010 3161 (namque
1033 3115 1169 3160 super
1189 3100 1273 3145 tibi
1294 3107 1442 3153 erunt,
1467 3100 1546 3159 qui
1568 3100 1714 3145 dicere
1736 3099 1909 3150 laudes,

524 3175 659 3228 Vare‚
681 3182 784 3220 tuas
807 3176 1008 3234 cupiant,
1033 3182 1076 3220 et
1097 3175 1243 3220 tristia
1265 3175 1459 3220 condere
1480 3174 1618 3231 bella)

524 3248 765 3306 Agrestem
786 3250 915 3294 tenui
934 3248 1189 3294 meditabor
1210 3248 1432 3294 arundine
1456 3248 1658 3293 Musam.

285 3352 415 3410 Illis
470 3353 751 3411 videlicet
811 3355 1211 3413 monitoribus
1264 3354 1431 3431 quasi
1491 3353 1707 3411 ludens
1763 3351 2084 3428 respondet

286 3450 600 3528 Virgilius,
648 3451 761 3508 sibi
808 3451 951 3509 olim
1000 3450 1094 3509 vel
1143 3450 1512 3509 adolescenti
1560 3451 1623 3507 in
1668 3455 1939 3507 mentem
1986 3466 2086 3505 ve-

1043 3612 1062 3635 e
1090 3605 1193 3649 Ea.
1218 3603 1259 3648 6.
1287 3619 1329 3649 2.
