2288 4036
146 299 498 338 PRAEL.xxv1u.
569 280 853 351 Sophoclem
876 279 1051 343 multa,
1079 287 1135 331 ut
1159 278 1484 339 Imitatorem,
1507 277 1692 344 efferre.
1797 278 1892 329 58]

151 431 212 480 et
261 424 553 490 immania,
606 422 960 479 Philoctetae
1007 420 1234 487 vulnus,
1288 405 1565 475 Herculis
1619 418 1900 485 tunicam,

149 520 433 577 laceratos
450 519 756 594 OEdipodis
789 518 1027 575 oculos?
1100 517 1275 584 Quid,
1296 515 1450 590 quod
1485 513 1768 571 curiosius
1799 533 1901 572 ex—

150 616 440 692 plicantur
483 616 696 682 omnia,
736 614 783 671 si
828 615 980 671 forte
1025 613 1232 671 subeat
1276 611 1471 686 aliqua
1506 610 1600 667 vel
1643 612 1899 667 narratio

150 711 429 787 prolixior
467 710 560 767 vel
610 709 976 785 disputatio?
1037 708 1193 784 quod
1244 709 1408 774 ade0,
1459 710 1599 781 (qua
1642 726 1705 763 re
1752 706 1899 762 nihil

150 807 495 883 molestius,)
528 806 716 863 Poeta
746 806 1060 881 saepissime
1096 804 1364 880 fungitur
1393 803 1583 859 officio
1614 802 1708 859 vel
1741 802 1901 858 Rhe-

149 903 290 959 toris
320 902 414 958 vel
447 901 761 977 Sophistae,
781 901 874 958 vel
906 902 1087 957 etiam
1118 902 1243 975 ejus
1272 898 1542 965 hominiS,
1574 898 1672 973 qui
1705 916 1767 954 se
1796 897 1901 954 ali-

150 999 289 1073 quid
319 1018 446 1056 esse
475 999 536 1054 in
565 998 868 1073 republica
898 997 1082 1054 velit?
1146 996 1463 1061 Nimirum,
1496 994 1687 1069 siquid
1718 995 1779 1050 in
1807 994 1899 1050 his

148 1095 461 1171 generibus
499 1102 660 1151 recte
692 1095 836 1150 vitio
868 1095 1119 1150 vertitur
1151 1091 1445 1167 Sophocli,
1478 1092 1607 1166 quis
1649 1110 1768 1147 non
1811 1091 1899 1147 in-

147 1191 364 1267 telligit
393 1211 572 1248 unam
604 1210 729 1248 esse
760 1192 1025 1247 omnium
1055 1189 1385 1246 rationem?
1474 1187 1692 1245 Omnia
1720 1189 1899 1264 scrip-

147 1294 334 1344 torem
365 1307 502 1344 eum
533 1288 784 1363 sapiunt,
816 1288 982 1362 cujus
1011 1306 1131 1342 non
1161 1293 1369 1360 sponte
1399 1284 1652 1360 profluat
1679 1284 1897 1353 PoesiS,

146 1403 261 1459 quo
291 1383 440 1441 ferat
468 1403 560 1440 res
590 1391 651 1440 et
681 1384 930 1450 animus,
961 1383 1064 1440 sed
1105 1402 1242 1439 cum
1286 1382 1485 1438 labore
1526 1388 1588 1438 et
1626 1381 1900 1438 molestia

146 1480 469 1537 deducatur
510 1481 572 1536 in
611 1499 740 1537 eam
785 1487 1031 1555 partem,
1064 1499 1198 1555 quae
1229 1486 1290 1536 et
1331 1479 1575 1536 scenicis
1619 1478 1696 1535 sit
1739 1497 1899 1535 com-

145 1576 370 1632 modior
398 1583 458 1633 et
487 1576 705 1652 populo
737 1575 1195 1633 Atheniensium
1226 1577 1467 1652 gratior.

225 1671 500 1747 Denique
544 1673 722 1731 fuisse
770 1673 1142 1730 Imitatorem
1185 1680 1246 1729 et
1292 1679 1521 1729 veteres
1563 1678 1895 1741 testantur3

145 1767 266 1846 (ἀφ’
317 1767 554 1826 ἑκάστου
601 1766 730 1847 γὰρ,
778 1770 971 1844 inquit
1016 1769 1469 1835 Grammaticus,
1514 1766 1584 1825 τὸ
1635 1767 1897 1847 λαμπρὸν

142 1861 468 1944 ἀπανθίζει·)
514 1873 576 1922 et
605 1867 826 1922 nemini
865 1867 976 1922 erit
1011 1866 1301 1942 ignotum,
1333 1867 1430 1940 qui
1463 1874 1601 1923 ante
1632 1885 1768 1922 eum
1801 1865 1895 1922 vel

141 1960 342 2035 primis
370 1959 545 2017 labris
576 1962 698 2018 sive
726 1961 1058 2019 Homerum
1091 1963 1212 2019 sive
1235 1962 1579 2038 AEschylum
1609 1963 1893 2038 attigerit.

144 2055 288 2124 Quae
319 2057 557 2131 quidem
598 2077 689 2115 res
725 2059 810 2115 ita
845 2059 913 2115 fit
956 2059 1191 2126 indicio,
1221 2078 1418 2116 carere
1462 2059 1719 2133 aliquem
1762 2077 1895 2133 pro-

142 2153 266 2228 prio
297 2153 461 2209 fonte
493 2153 762 2221 Poeseos,
794 2156 841 2212 si
872 2175 990 2211 non
1029 2156 1154 2211 fieri
1186 2156 1457 2212 videatur
1498 2155 1724 2212 incuria
1753 2174 1895 2230 qua·-

143 2249 275 2305 dam
335 2256 397 2305 et
455 2249 680 2307 calamo
739 2260 1104 2327 properante,
1158 2253 1260 2309 sed
1320 2252 1561 2309 consilio
1613 2259 1675 2308 et
1727 2258 1891 2320 arte3

142 2346 517 2422 maximeque
567 2348 629 2403 in
679 2349 750 2404 iis
802 2348 961 2415 locis,
1010 2350 1110 2423 qui
1155 2350 1714 2406 commovendorum
1771 2349 1895 2405 ani-

141 2460 372 2498 morum
416 2462 589 2500 causa
631 2452 1004 2519 usurpantur.
1093 2445 1373 2503 Viderint
1416 2453 1617 2502 autem
1649 2445 1747 2519 qui
1787 2444 1894 2501 So-

141 2537 336 2612 phocli
377 2538 559 2594 velint
605 2540 820 2614 primas
867 2541 1177 2609 vindicare,
1222 2561 1295 2597 an
1339 2542 1400 2597 in
1443 2541 1602 2597 hunc
1649 2559 1892 2597 censum

141 2639 302 2688 recte
337 2633 623 2690 referatur
653 2634 744 2691 vel
776 2634 977 2710 Ajacis
1007 2655 1143 2692 cum
1175 2637 1484 2693 Tecmessa
1514 2635 1891 2709 colloquium,

142 2727 408 2802 proxime
451 2730 750 2806 attingens
794 2730 1163 2788 Hectoreum
1206 2731 1353 2788 illud
1385 2731 1575 2799 Vale;
1627 2731 1722 2787 vel
1762 2730 1893 2786 uni-

144 2840 307 2878 versa
351 2822 607 2879 Electrae
655 2826 822 2892 ratio,
869 2825 1077 2881 eodem
1129 2825 1251 2882 fere
1298 2826 1398 2882 filo
1443 2826 1728 2892 deductae,
1772 2844 1891 2900 quo

143 2915 406 2994 AEschyli
439 2918 833 2994 Choephorae3
874 2921 985 2977 nisi
1016 2922 1153 2995 quia
1186 2928 1473 2997 perpetua
1514 2921 1616 2978 illa
1658 2920 1892 2997 religio-

144 3032 284 3069 num
321 3015 624 3071 mentione
668 3017 1168 3091 supersedendum
1199 3018 1372 3074 duxit
1403 3016 1742 3093 Sophocles,
1773 3036 1892 3091 qua

143 3128 259 3166 una
306 3111 699 3190 vindicaverat
743 3112 1052 3187 AEschylus
1101 3114 1175 3170 ab
1226 3115 1533 3190 impietate
1580 3133 1891 3190 argumen-

143 3212 272 3261 tum
301 3225 490 3262 suum.

227 3301 399 3370 Quod
431 3304 478 3359 si
512 3305 672 3379 (nam
708 3305 792 3361 ita
821 3306 1096 3380 traditur)
1134 3307 1426 3365 credimus
1454 3306 1698 3363 εὐκολίαν
1725 3306 1889 3363 illam

147 3393 451 3471 Sophoclis
491 3400 727 3475 propius
757 3402 1012 3459 abfuisse
1041 3422 1076 3459 a
1105 3403 1306 3460 saeculi
1349 3405 1437 3461 sui
1482 3404 1739 3470 licentia,
1769 3422 1889 3459 non

145 3491 257 3548 erit
291 3511 395 3549 cur
436 3495 809 3563 admiremur,
839 3499 1075 3574 ingenio
1118 3507 1240 3555 tam
1284 3499 1559 3575 praeclaro
1604 3506 1727 3555 tam
1771 3498 1891 3554 ele-

144 3587 307 3660 ganti
363 3606 481 3645 non
538 3598 747 3665 praesto
806 3593 983 3651 fuisse
1042 3596 1302 3652 nativam
1352 3596 1609 3671 aliquam
1657 3594 1889 3652 Poesin.
