2288 4036
354 203 466 253 812
562 199 894 254 Carminibus
918 199 1212 264 emendatis,
1241 199 1505 253 emendari
1531 200 1812 272 reliyiones.
1882 219 2043 254 PRAEL.
2067 221 2150 254 xL.

357 350 540 413 fuisse
599 350 954 419 adhibitam,
1007 369 1138 426 quae
1190 349 1304 427 ipsi
1358 347 1626 409 Veritati
1686 351 1921 426 praeiret
1976 351 2152 420 viam,

358 451 767 526 formaretque
799 457 862 507 et
891 450 1149 527 fingeret
1172 450 1403 507 animos
1427 451 1501 507 ad
1526 448 1777 507 meliora
1801 450 2153 519 ediscenda3

359 558 833 608 consentaneum
882 551 1016 618 erit,
1063 549 1276 607 eadem
1329 548 1464 626 lege
1516 549 1834 627 gubernari
1895 550 2156 607 minores

358 651 563 718 etiam,
597 657 668 707 ut
709 650 797 708 ita
833 649 1050 719 dicam,
1082 649 1434 726 provincias.
1525 648 1898 707 Crediderim
1933 650 2057 706 fore
2087 657 2157 707 ut

357 750 419 807 in
482 748 732 827 singulis
791 755 927 807 tum
989 747 1221 807 saeculis
1280 755 1415 807 tum
1474 748 1821 826 regionibus
1873 767 2159 826 germana

361 848 585 915 poesis,
619 847 806 905 tacito
837 846 1101 923 quodam
1147 846 1517 915 testimonio,
1550 866 1754 905 veram
1795 867 1864 904 ac
1906 846 2157 905 solidam

361 945 666 1004 Pietatem
693 946 914 1004 foveat.
988 943 1126 1021 Nec
1150 944 1327 1004 facile
1357 945 1630 1004 invenias
1660 946 1721 1003 in
1746 944 1872 1003 ulla
1895 946 2160 1013 civitate,

358 1065 491 1122 quae
534 1046 781 1122 quidem
824 1045 990 1124 leges
1031 1064 1351 1123 moresque
1381 1045 1604 1104 habeat
1646 1044 1907 1113 stabileS‚
1940 1045 2161 1102 mutari

359 1144 421 1201 in
451 1145 692 1222 gravius
724 1153 787 1202 et
819 1145 1084 1203 sanctius
1123 1149 1251 1203 rein
1293 1163 1522 1203 sacram
1554 1152 1619 1203 et
1649 1144 2008 1222 religiosam,
2041 1161 2162 1200 non

358 1250 502 1302 ante
521 1252 760 1302 mutato
786 1243 1166 1302 laudatorum
1194 1245 1528 1302 carminum
1554 1254 1781 1302 tenore.
1835 1242 2162 1310 Nimirum,

361 1342 407 1400 si
440 1341 566 1400 ulla
597 1362 862 1419 unquam
895 1362 971 1401 ex
1006 1349 1177 1420 parte
1209 1343 1393 1400 fuerit
1436 1342 1801 1401 labefactata
1830 1341 2060 1419 religio,
2093 1361 2164 1398 ea

360 1448 525 1499 certe
546 1448 723 1500 tenus
741 1442 1203 1501 erunthomines
1223 1443 1436 1501 eadem
1462 1443 1813 1500 conditione
1833 1461 1952 1519 qua
1966 1449 2164 1518 patres

360 1541 569 1609 nostri,
602 1541 872 1598 nondum
905 1542 979 1599 ad
1015 1540 1213 1599 DEUM
1244 1542 1533 1599 conversi.
1616 1540 1790 1598 Nihil
1823 1560 1965 1617 ergo
1998 1547 2166 1598 vetat

361 1659 464 1698 eos
510 1641 722 1698 eadem
769 1642 1002 1699 ratione
1043 1660 1113 1699 ac
1158 1641 1269 1709 via,
1312 1660 1469 1698 novo
1514 1639 1798 1698 videlicet
1841 1640 2162 1698 Poetarum

361 1739 591 1808 ordine,
624 1740 847 1798 sensim
878 1740 952 1797 ad
986 1739 1239 1798 meliora
1268 1741 1436 1817 erigi.

445 1839 730 1917 Exempli
753 1840 1076 1918 gratia,(ut
1099 1842 1162 1898 in
1186 1841 1534 1900 domesticis
1559 1841 2170 1918 maneam,)recorda-

361 1939 509 1996 mini
542 1938 846 2016 paulisper
869 1939 1324 2000 celeberrimam
1358 1941 1720 2018 scriptorum
1744 1939 2053 2008 familiam,
2065 1940 2168 2016 qui

362 2039 520 2115 apud
554 2059 663 2097 nos
694 2039 1034 2117 viguerunt,
1070 2039 1437 2099 Elisabethae
1468 2048 1761 2117 tempore.
1843 2038 2068 2097 Nonne
2099 2058 2170 2098 ea

363 2138 481 2195 fuit
504 2145 711 2196 vatum
741 2146 805 2196 et
837 2140 1169 2196 carminum
1202 2139 1452 2208 indoles,
1473 2158 1606 2215 quae
1637 2139 1795 2215 ipsiS,
1818 2139 1918 2214 qui
1951 2137 2170 2196 scribe-

364 2237 530 2306 bant,
553 2236 792 2315 ignariS,
815 2238 1048 2314 optime
1079 2239 1431 2296 conveniret
1455 2256 1595 2295 cum
1628 2236 1860 2296 saniore
1885 2236 1961 2294 de
1990 2235 2169 2294 rebus

365 2335 580 2394 divinis
605 2336 1130 2413 sententia,qualis
1150 2344 1279 2395 erat
1298 2337 1361 2394 in
1385 2336 1613 2394 honore
1636 2335 1858 2404 futura,
1880 2341 2170 2413 regnante

365 2433 625 2492 Carolo?
695 2434 899 2504 Quid?
965 2435 1347 2513 Shaksperus
1380 2435 1484 2494 ille
1523 2442 1744 2504 noster,
1778 2433 2008 2492 deliciae
2045 2452 2172 2510 om-

364 2534 555 2600 nium,
631 2535 900 2592 maxime
968 2533 1313 2612 Anglorum
1387 2533 1881 2601 adolescentium,
1942 2531 2172 2591 nihilne

364 2634 670 2710 putandus
712 2642 806 2692 est
835 2633 1046 2712 egisse,
1079 2635 1181 2711 qui
1218 2635 1401 2693 toties
1439 2634 1709 2703 ridicule,
1741 2632 1926 2691 toties
1955 2632 2174 2690 acriter

366 2733 643 2792 invectus
691 2741 784 2813 est
838 2734 897 2791 in
953 2733 1058 2792 illa
1104 2734 1435 2811 praesertim
1484 2734 1646 2802 vitia,
1698 2752 1836 2810 quae
1897 2732 2173 2808 proxima

367 2841 553 2892 aetate
584 2833 827 2892 illatura
857 2841 1030 2892 erant
1059 2833 1408 2911 reipublicae
1438 2840 1658 2892 nostrae
1688 2840 1815 2891 tam
1857 2851 2040 2910 grave
2071 2832 2173 2889 de-

367 2932 772 2992 trimentum?
829 2934 931 3009 qui
989 2952 1229 3010 semper
1276 2932 1392 2990 frui
1439 2933 1680 2991 videtur
1725 2951 1871 2990 aura
1914 2932 2174 3008 quadam

367 3032 625 3108 propria,
658 3039 722 3090 et
767 3032 879 3090 sibi
927 3032 1173 3109 quidem
1219 3032 1575 3110 gratissima,
1609 3032 1848 3109 quoties
1885 3030 2174 3108 vapulant

368 3129 496 3188 sive
547 3132 839 3208 pietatem
903 3130 1276 3199 simulantes,
1339 3132 1464 3190 sive
1524 3131 1754 3210 regiam
1828 3130 2174 3187 minuentes

369 3230 794 3306 majestatem?
842 3230 1053 3301 Quid?
1100 3230 1467 3308 Spenserum
1511 3231 1610 3308 qui
1645 3231 1903 3308 juvenes
1939 3228 2176 3287 assidue

370 3330 434 3386 in
486 3330 767 3388 manibus
819 3349 960 3388 cum
1013 3349 1219 3388 amore
1271 3337 1336 3387 et
1394 3330 1597 3388 studio
1649 3328 2002 3396 habuerant,
2057 3346 2177 3403 quo

373 3429 620 3487 tandem
652 3429 854 3487 animo
887 3428 1161 3506 praelium
1204 3437 1378 3487 erant
1418 3428 1628 3486 inituri
1671 3446 1810 3486 cum
1842 3426 1947 3484 illo
1979 3425 2171 3492 hoste,

372 3529 471 3587 cui
503 3528 750 3593 solenne
781 3529 965 3586 fuerit
990 3530 1153 3586 omni
1179 3530 1452 3587 convicio
1477 3528 1767 3586 lacessere
1790 3547 1952 3585 nunc
1985 3527 2178 3604 regias

364 3629 667 3695 foeminas,
701 3647 861 3685 nunc
893 3647 1193 3686 sacrorum
1229 3628 1530 3686 antistites
1558 3627 1580 3683 ἲ
