2288 4036
225 168 336 220 848

228 297 495 341 Sanctarum
523 297 779 343 animarum
811 296 934 357 apud
973 298 1172 343 Dantem

287 356 424 409 risus,
447 357 603 402 xxxiii.
627 357 732 417 678.

229 416 497 474 Sanyuinem
517 426 812 485 peccatorum
843 433 1006 477 sugere
1035 418 1172 463 Diras

290 477 430 529 Deas,
453 477 562 521 xxii.
587 492 692 532 421.

230 511 509 606 Sapientiam
523 537 736 590 divinam,
752 538 926 582 virilem
941 536 1172 597 quandam

288 596 398 650 fore,
420 597 528 641 xxii.
553 609 657 656 435.

230 657 456 715 Sapphica
477 669 584 702 cum
605 657 789 703 Tibullo
815 664 1170 716 componuntur,

230 716 445 835 Sazipliigi
461 776 594 820 metri
614 777 743 831 ratio,
766 778 857 823 xvi.
884 778 985 836 283,
1010 778 1113 833 284.

231 837 425 895 Sappho,
447 836 537 881 xvi.
564 837 666 890 282,
691 838 793 896 283,
819 839 921 893 284.

231 896 462 954 Sarpedon
482 896 661 941 hastam
683 899 870 943 vulnere
892 897 1090 951 trahens,
1108 897 1170 942 ix.

294 955 394 1015 136.
427 956 554 1016 loqui
589 972 695 1002 eum
728 966 781 1003 ut
817 958 1093 1018 gregarium,-
1126 972 1171 1002 Χ.

231 1016 412 1121 Salgiffae
446 1076 567 1136 apud
611 1078 862 1123 Miltonum
899 1077 1046 1131 hasta,
1080 1077 1171 1123 xiv.

231 1136 476 1256 Saieizaper
511 1197 689 1244 Heroas
719 1199 855 1259 jacta,
891 1198 951 1243 ix.
989 1197 1089 1257 136.
1127 1214 1172 1242 Χ.

229 1269 415 1362 seigazm
456 1316 751 1387 AEschyleam
784 1319 1037 1389 aliquando
1070 1334 1172 1363 mu-

288 1379 389 1432 tari,
411 1379 502 1423 xxi.
528 1380 632 1438 388
667 1380 857 1426 6311(16111
875 1380 1058 1434 servari,
1081 1394 1173 1439 quo

289 1439 523 1497 pertineat,
546 1440 651 1499 389.

230 1498 406 1543 Scenici
434 1500 579 1558 plebis
611 1500 776 1546 Atticae
809 1501 1171 1560 reprehensores,

288 1575 427 1605 xxvn.
448 1571 552 1618 545-

231 1618 468 1677 Schleqelii
484 1620 540 1665 de
556 1620 778 1680 AEschylo
793 1621 1031 1674 sententia,
1046 1620 1171 1666 xxiii.

231 1695 403 1784 861111ῗῷ
437 1739 682 1786 Poetarum
711 1741 1042 1801 vituperantur,
1079 1740 1172 1787 xvi.

280 1811 395 1860 279.

232 1859 415 1905 Scholia
436 1861 689 1917 Pindarica,
713 1862 835 1908 xxiv.
860 1861 964 1918 426.

231 1920 373 1975 Scott,
397 1922 650 1990 Gualterus,
674 1939 807 1968 canes
829 1923 877 1967 in
898 1923 1072 1967 honore
1092 1922 1173 1967 ha—

289 1953 405 2035 bui’t,
447 1982 539 2027 xix.
576 1998 680 2042 340.
730 1983 981 2028 Pindaricis
1023 1984 1174 2028 lucem

289 2041 440 2095 infert,
462 2044 584 2089 xxvi.
609 2056 713 2112 515.
746 2045 843 2103 ejus
861 2044 1055 2088 Poeseos
1068 2044 1173 2088 fons

291 2077 478 2159 quidain
499 2104 773 2163 praecipuus,
788 2103 892 2163 516.
915 2103 1085 2156 hilaris,
1107 2105 1173 2148 la-

290 2162 426 2207 bente
458 2164 705 2222 republica,
740 2165 862 2209 xxvi.
881 2165 985 2223 528.
1023 2163 1173 2222 stirpi-

290 2222 380 2268 bus
402 2222 680 2270 deducendis
702 2224 887 2284 gaudet,
910 2224 1032 2269 xxvi.
1055 2236 1160 2292 533.

232 2283 513 2341 Scripturam
537 2283 723 2330 Sacram
749 2287 956 2330 locorum
978 2284 1174 2328 nomini-

291 2343 379 2388 bus
413 2344 660 2398 abundare,
699 2345 884 2390 xxxviii.
926 2356 1028 2413 777.
1068 2359 1175 2388 cum

289 2405 430 2462 vulgo
448 2404 504 2449 de
525 2406 718 2450 mortuis
734 2405 875 2465 loqui,
893 2405 1048 2449 xxxix.
1069 2405 1125 2463 78
1128 2418 1172 2462 3.

291 2464 389 2523 ejus
406 2466 510 2523 plus
534 2465 724 2510 dimidio
752 2465 951 2510 carmine
980 2480 1173 2523 concep-

290 2531 391 2569 tum
428 2540 542 2579 esse,
577 2527 639 2570 xl.
678 2527 783 2571 808.
823 2525 991 2570 nostris
1027 2540 1173 2583 augu-

291 2584 370 2629 riis
392 2600 487 2630 non
508 2586 798 2645 respondere,
822 2586 926 2631 811.

232 2646 490 2704 Scalptores
522 2646 689 2691 Poesin
717 2647 906 2716 propius
938 2645 1173 2716 attingere,

290 2705 352 2750 iii.
390 2720 465 2765 31.
506 2707 694 2752 eximios
736 2707 926 2752 nimiam
960 2706 1174 2751 imitatio-

290 2781 398 2811 nem
428 2766 582 2817 vitare,
616 2782 690 2826 32.
739 2767 838 2813 caeli
869 2782 920 2812 ac
950 2774 1175 2811 terrarum

291 2826 679 2884 pulchritudinem
701 2829 876 2881 callere,
897 2843 1005 2872 xxx.
1030 2826 1134 2886 615.

233 2887 388 2945 Scylla
411 2887 712 2947 Megarensis,
735 2889 827 2933 xxi.
851 2903 955 2948 394.

233 2948 414 3006 Scylale
442 2963 524 2993 cur
551 2948 710 2993 similis
743 2949 802 2994 sit
830 2947 1042 3001 cantoris,
1065 2963 1171 2992 xxv.

292 3018 351 3063 50

232 3020 409 3126 Scylli‘ce
433 3067 688 3128 Cyclopum
709 3069 892 3123 similes,
921 3068 983 3113 xi.
1010 3068 1110 3113 182.

232 3129 565 3173 Senescentibus
618 3129 871 3174 Horatiana
919 3128 1174 3188 praesertim

290 3189 480 3247 p,lacere
502 3190 564 3233 xl.
589 3190 692 3234 801.

230 3250 437 3294 Seniores
469 3248 528 3294 ad
561 3248 790 3294 Poeticam
819 3250 975 3295 minus
1008 3236 1116 3309 apti,
1139 3249 1170 3294 i.

291 3324 334 3355 2.
366 3308 427 3354 iv.
446 3321 520 3368 45.

231 3370 414 3414 Sensum
456 3369 670 3415 carminis
713 3370 967 3429 simplicem
1005 3370 1174 3416 servari

290 3428 466 3483 debere,
489 3430 581 3475 xix.
605 3441 708 3489 354.

230 3489 552 3535 Sententiosam
572 3506 719 3550 genus
741 3491 817 3536 vix
839 3471 1089 3544 Poeticum,
1107 3490 1167 3536 iv.

287 3563 362 3609 53·

229 3611 650 3671 Septentrionaliam
680 3611 889 3671 gentium
911 3610 1118 3664 Poesis,
1107 3627 1167 3657 ιν.

228 3685 453 3776 Seffibnis
495 3731 748 3791 quotidiani
785 3730 1086 3791 praerogativa
1120 3731 1168 3775 in

1033 167 1397 221 INDEX.

1320 315 1368 344 re
1405 299 1596 358 poetica,
1633 300 1679 345 ii.
1720 313 1790 357 15.
1838 303 2018 357 veritas,
2054 303 2200 351 tribus

1321 359 1606 419 dignoscitur
1633 360 1828 415 indiciis,
1855 378 1899 407 v.
1923 375 1997 422 57.
2030 380 2200 411 sermo-

1319 435 1401 464 nes
1423 420 1631 464 Deorum
1652 421 1870 480 ambigui,
1894 439 1971 468 xv.
1993 437 2101 484 259.

1261 479 1537 538 Serpentium
1558 480 1650 524 ritu
1676 481 1894 526 fascinare
1916 498 2032 541 quos
2062 485 2202 530 velint

1321 539 1616 592 Eumenidas,
1638 541 1746 585 xxii.
1770 556 1875 600 419.

1261 599 1421 644 Servos
1445 599 1716 668 Homericos
1751 616 1857 645 cum
1880 601 2076 646 dominis
2098 617 2201 647 sen-

1319 659 1419 712 tire,
1433 659 1525 704 Χ111.
1532 674 1555 703 2
1565 675 1583 703 1
1593 671 1633 718 7.
1655 675 1889 705 servorum
1903 662 2078 706 animos
2087 662 2204 708 bene

1320 719 1527 764 calluisse
1547 719 1819 773 Homerum,
1833 721 1924 766 xiv.
1942 736 2044 781 229.
2068 722 2204 768 etiam

1318 775 1465 824 bonos
1497 780 1792 839 querimoniis
1823 781 2074 840 indulgere,
2098 796 2201 840 230.

1321 846 1490 884 secreta
1534 839 1826 884 dominorum
1873 841 2058 894 ambire,
2097 856 2200 900 231.

1321 900 1447 944 aliter
1469 899 1525 944 ab
1546 899 1751 944 Homero
1773 907 1906 960 atque
1922 916 1948 945 a
1963 901 2202 970 Τ13306ᾱί8

1320 960 1444 1027 poni,
1485 972 1588 1028 235.
1623 960 1855 1018 Euripidis
1890 962 2113 1005 sententia
2146 961 2203 1007 de

1320 1019 1390 1072 iis,
1426 1020 1549 1064 xxix.
1587 1031 1691 1079 595.
1728 1035 1964 1065 servorum
2001 1021 2201 1067 scenico-

1321 1094 1424 1123 rum
1467 1095 1597 1133 usus,
1640 1080 1731 1124 xiv.
1777 1091 1880 1139 235.
1944 1080 2203 1127 Atticorum

1322 1139 1465 1198 copia,
1483 1156 1590 1184 xxx.
1614 1139 1719 1185 618.

1263 1199 1504 1259 Shaksperi
1525 1200 1663 1245 verba
1683 1207 1933 1259 ponuntur,
1955 1201 2015 1247 iv.
2039 1215 2114 1260 43.
2138 1201 2200 1246 ix.

1327 1274 1427 1315 144.
1461 1260 1553 1304 xiii.
1580 1274 1684 1319 223.
1716 1260 1840 1305 xxix.
1864 1262 1968 1319 587.

1262 1320 1503 1379 Shaksperi
1519 1320 1758 1378 ἀνωμαλία,
1772 1337 1816 1366 v.
1835 1321 1911 1379 58.
1933 1321 2082 1366 favere
2096 1334 2203 1366 eum

1321 1396 1508 1449 semper
1552 1381 1725 1433 virtuti,
1778 1381 1886 1426 ibid.
1941 1381 2102 1426 mediis
2153 1382 2203 1426 in

1319 1441 1536 1486 aerumnis
1584 1441 1739 1500 jocari,
1785 1451 1857 1501 70.
1891 1441 2045 1486 xxviii.
2097 1440 2201 1511 565.

1320 1501 1470 1561 quid
1459 1516 1498 1546 1s
1525 1501 1574 1546 in
1606 1501 1838 1570 republica
1868 1502 2073 1555 senserit,
2107 1502 2202 1547 xiii.

1322 1576 1426 1620 223.
1459 1561 1624 1620 Anglis
1661 1561 1936 1615 carissimus,
1974 1562 2065 1607 xvi.
2097 1573 2201 1621 271.

1320 1622 1494 1666 comica
1526 1637 1633 1666 cum
1667 1622 1850 1691 tragicis
1886 1637 1968 1666 cur
2000 1622 2202 1675 misceat,

1320 1682 1413 1726 xix.
1463 1694 1567 1740 337.
1621 1682 1775 1727 xxviii.
1829 1681 1933 1741 565.
1994 1682 2204 1727 omnium

1321 1743 1454 1800 plane
1491 1749 1560 1787 est
1596 1741 1855 1795 hominum,
1885 1742 1993 1787 ibid.
2028 1743 2204 1787 incuria

1322 1817 1406 1846 sua
1439 1802 1726 1871 compilabat,
1769 1802 1874 1862 569.
1920 1818 2025 1847 cum
2068 1802 2202 1847 Euri-

1321 1862 1426 1921 pide
1448 1863 1750 1931 componitur,
1783 1863 1907 1907 xxix.
1938 1861 2044 1919 586.
2076 1878 2201 1908 vere-

1322 1922 1470 1968 cunde
1492 1923 1585 1983 agit
1607 1938 1713 1968 cum
1741 1923 1950 1975 mortuis,
1981 1923 2073 1967 xxi.
2096 1937 2201 1979 404.

1321 1998 1376 2027 ex
1398 1983 1548 2042 aliqua
1572 1990 1699 2052 parte
1721 1983 1943 2052 AEschylo
1963 1982 2202 2037 infelicior,

1321 2043 1424 2099 406.
1459 2043 1594 2088 etiam
1614 2044 1662 2088 in
1690 2044 1856 2088 minori
1878 2058 2057 2103 quaque
2077 2050 2204 2102 parte

1322 2104 1714 2172 diligentissimus,
1756 2104 1910 2148 xxviii.
1953 2103 2058 2163 564.
2113 2118 2204 2163 qua

1320 2165 1495 2208 ratione
1535 2164 1726 2222 ineptias
1771 2164 1937 2222 saepius
1975 2163 2200 2217 adhibeat,

1320 2224 1424 2284 589.
1459 2224 1555 2283 ejus
1588 2225 1794 2282 exemplo
1827 2223 2085 2268 defenditur
2105 2223 2201 2293 Eu-

1320 2283 1504 2342 ripides,
1556 2296 1662 2353 592.
1718 2283 1950 2342 Euripidis
2003 2290 2048 2328 et
2101 2283 2199 2342 ejus

1323 2345 1614 2402 comparatio,
1654 2343 1758 2403 596.
1797 2344 2045 2389 clementiae
2079 2343 2203 2402 apud

1321 2420 1426 2449 eum
1459 2405 1677 2463 exempla,
1709 2404 1863 2448 xxxiv.
1887 2403 1990 2463 690.
2025 2403 2202 2448 Purita-

1321 2480 1406 2509 nos
1440 2464 1659 2510 irridendi
1700 2463 1922 2523 praeludia
1963 2463 2101 2518 dedit,
2138 2465 2200 2509 xl.

1322 2525 1427 2581 815.

1263 2584 1453 2643 Slzelley,
1478 2584 1617 2629 Poeta
1637 2584 1713 2629 An
1715 2586 1835 2644 glu,s
1858 2584 2010 2629 xxxiv.
2035 2583 2140 2629 688.

1263 2645 1446 2703 Sibyllae
1489 2645 1754 2713 Virgilianae
1803 2645 2015 2714 vaticinia
2065 2659 2206 2713 quos-

1322 2721 1431 2750 nam
1463 2705 1720 2764 respiciant,
1755 2705 1914 2750 xxxix.
1949 2705 2052 2764 788.
2096 2704 2205 2750 folia

1323 2766 1434 2826 quid
1458 2765 1731 2824 significent,
1756 2766 1859 2834 798.

1263 2826 1423 2871 Sicilia
1467 2825 1777 2871 Pastoralibus

1321 2903 1430 2931 xxx.
1455 2886 1559 2945 613.

1263 2947 1423 2991 Sidera
1486 2946 1609 3005 apud
1662 2945 1927 2991 Lucretium
1990 2945 2202 3004 palantia,

1321 3007 1461 3052 xxxii.
1487 3006 1591 3066 656.

1263 3068 1542 3112 Sidneiorum
1575 3066 1698 3126 apud
1724 3066 2002 3126 Spenserum
2033 3066 2202 3118 luctus,

1320 3129 1442 3173 xxiv.
1467 3139 1570 3187 471.
1603 3128 1757 3173 xxxvi.
1781 3139 1886 3185 523.

1261 3189 1494 3233 Silentium
1522 3187 1802 3247 desperantis
1835 3185 2037 3231 mulieris
2071 3191 2141 3230 ter
2176 3200 2203 3230 a

1323 3248 1548 3307 Sophocle
1565 3248 1835 3300 adhibitum,
1857 3246 2010 3291 xxviii.
2034 3245 2138 3304 568.

1261 3309 1438 3353 Similia
1460 3308 1670 3368 quaedam
1692 3307 2032 3352 historiolarum
2063 3305 2201 3350 ratio-

1319 3385 1426 3414 nem
1448 3369 1628 3422 habere,
1650 3368 1742 3413 viii.
1766 3382 1810 3426 3.
1843 3383 1888 3411 Χ.
1917 3378 2018 3425 152.

1263 3429 1586 3474 Similitudines
1613 3435 1764 3477 mente
1791 3442 1887 3472 non
1913 3425 2059 3471 oculis
2089 3425 2197 3470 80118

1318 3489 1570 3542 66111611(136,
1581 3489 1674 3534 viii.
1689 3503 1732 3547 3.
1747 3488 1810 3532 ix.
1824 3501 1924 3546 133.
1941 3485 2200 3530 Homericae

1318 3550 1433 3594 mira
1449 3557 1558 3594 sunt
1571 3549 1873 3607 simplicitate,
1887 3563 1932 3591 Χ.
1955 3557 2056 3605 150.
2088 3544 2198 3589 mis-

1317 3610 1407 3655 ceri
1429 3625 1536 3654 611111
1565 3608 1807 3668 locupletis
1829 3608 2025 3652 fortunae
2046 3605 2196 3657 laude,

1321 3670 1421 3726 158.
1437 3669 1485 3715 in
1502 3669 1726 3728 Odysseia
1738 3667 2042 3737 paucissimae,
2053 3665 2101 3710 in
2117 3664 2195 3708 Ili-

1316 3730 1704 3783 adecreberrimae,
1714 3729 1803 3774 xiv.
1815 3742 1917 3784 241.
1928 3725 2197 3785 AEschyleas

1383 3811 1419 3833 Ο

1829 2825 2013 2870 initium
2065 2824 2202 2878 dedit,
