2288 4036
311 181 421 240 674
616 186 921 240 Lucretiwm
944 184 1158 240 nubium
1182 195 1391 259 aspectu
1416 187 1678 256 delectari,
1730 209 1892 246 PRAEL.
1913 211 2111 246 xxxm.

311 332 657 403 videamus3
703 333 806 409 qui
837 351 1085 410 campus
1121 335 1364 412 propior
1391 335 1836 411 quodammodo
1867 337 2109 394 videtur

311 449 440 489 esse
499 430 719 489 indolis
770 430 1172 490 Lucretianae.
1264 431 1432 491 Nam
1486 440 1549 492 et
1606 434 1877 492 omnium
1936 454 2112 511 aeque

310 528 598 599 locorum,
623 536 686 588 et
716 529 778 587 in
810 530 1082 588 omnium
1108 530 1297 589 oculis
1328 538 1420 590 est
1451 532 1619 591 situs.
1690 532 1900 591 Habet
1929 530 2111 610 porro

310 648 397 697 ea,
432 649 568 706 quae
606 628 804 707 diligit
836 627 1173 699 LucretiUS,
1206 629 1548 699 elementa3
1602 631 1821 690 caelum
1865 632 2112 708 profun-

311 729 475 798 dum,
507 747 647 786 aera
687 747 793 786 seu
833 728 1223 787 tenebrosum
1269 730 1394 787 sive
1437 729 1724 800 lucidum,
1763 731 2114 788 commistas

309 846 510 904 aquas,
549 827 931 885 celerrimum
969 836 1226 887 motum.
1316 827 1597 906 Denique
1636 830 1725 887 ita
1765 835 2112 907 comparata
2175 821 2185 852 ⁷

310 933 452 984 sunt
482 927 703 995 omnia,
737 934 807 984 ut
844 927 1108 1004 speciem
1146 946 1218 985 ea
1256 928 1422 1006 regio
1462 928 1690 986 nemini
1736 928 1977 987 oculato
2006 947 2112 986 ne-

308 1033 431 1105 get,
463 1026 742 1085 intimam
775 1045 1100 1103 veramque
1141 1027 1232 1085 sui
1274 1028 1572 1086 rationem
1610 1028 1917 1086 universos
1959 1030 2117 1105 pari-

309 1133 406 1184 ter
450 1125 625 1184 celet.
715 1124 887 1184 Inest
934 1125 1121 1184 etiam
1166 1125 1426 1184 alterum
1476 1126 1646 1196 illud,
1692 1126 1995 1204 peculiare
2041 1146 2114 1184 ac

309 1224 700 1302 praecipuum,
732 1223 1015 1293 nubibus,
1041 1224 1202 1300 quod
1234 1224 1436 1283 nescio
1467 1244 1543 1295 an
1575 1225 1743 1282 nulla
1774 1226 1956 1283 verba
1985 1224 2114 1302 pla-

310 1323 445 1381 nius
486 1327 550 1380 et
595 1321 813 1380 melius
858 1321 988 1399 ipso
1025 1322 1290 1381 carmine
1326 1323 1558 1407 possint
1596 1323 1917 1382 declarare.
2009 1321 2114 1380 Ne

312 1421 488 1492 forte,
518 1422 604 1480 ait
637 1420 958 1482 Lucretius
976 1431 1024 1492 8,
1953 1410 1955 1412 ’

1040 1546 1180 1592 Putes
1203 1562 1256 1591 ea
1278 1545 1466 1591 demum
1487 1547 1583 1591 sola
1603 1562 1784 1606 vagare,

557 1619 859 1681 Quaecunque
880 1620 937 1666 ab
959 1620 1098 1666 rebus
1120 1636 1274 1666 rerum
1296 1621 1538 1667 simulacra
1558 1621 1796 1675 recedunt,

557 1693 678 1739 Sunt
699 1695 849 1749 etiam,
872 1710 975 1756 quae
998 1702 1159 1754 sponte
1181 1711 1265 1741 sua
1287 1697 1560 1755 gignuntur,
1582 1703 1626 1741 et
1647 1697 1751 1756 ipsa

559 1767 919 1813 Constituuntur
938 1769 987 1813 in
1007 1768 1095 1814 hoc
1118 1771 1244 1823 caelo,
1268 1770 1347 1830 qui
1368 1770 1534 1815 dicitur
1554 1786 1644 1823 aer,

560 1841 678 1901 Quae
699 1843 856 1887 multis
879 1843 1074 1888 formata
1094 1843 1244 1889 modis
1268 1844 1463 1889 sublime
1484 1845 1712 1898 feruntur,

559 1916 657 1962 Nec
679 1917 875 1976 speciem
895 1924 1073 1962 mutare
1096 1932 1227 1962 suam
1247 1918 1466 1978 liquentia
1488 1926 1686 1972 cessant,

558 1991 619 2036 Et
641 1992 897 2051 quojusque
917 1991 1044 2036 modi
1064 1991 1318 2037 formarum
1334 1999 1508 2037 vertere
1529 1993 1575 2037 in
1600 2008 1696 2037 ora.

558 2064 626 2109 Ut
647 2065 794 2109 nubes
816 2065 946 2110 facile
967 2065 1199 2110 interdum
1222 2081 1511 2111 concrescere
1531 2067 1580 2111 in
1601 2068 1693 2112 alto

561 2137 820 2193 Cernimus,
844 2146 888 2184 et
908 2139 1071 2184 mundi
1094 2140 1290 2198 speciem
1311 2141 1479 2186 violare
1501 2156 1724 2195 serenam,

560 2214 679 2259 Aera
700 2215 951 2260 mulcentes
973 2221 1120 2259 motu.

322 2338 583 2417 Nequeo
627 2339 727 2398 hic
773 2339 923 2397 mihi
963 2347 1322 2417 temperare,
1356 2338 1732 2408 Academici,
1765 2342 1910 2418 quin
1954 2341 2123 2412 illud,

319 2437 488 2497 Aera
517 2437 828 2497 mulcentes
858 2445 1037 2509 motu,
1069 2458 1190 2516 prae
1221 2439 1458 2497 caeteris
1482 2439 1652 2498 vobis
1683 2442 2125 2511 commendem,

315 2537 545 2616 *quippe
560 2558 679 2615 quo
700 2537 849 2596 nihil
870 2557 1137 2615 unquam
1157 2537 1392 2596 dulcius
1412 2539 1775 2616 expresserit
1797 2540 2125 2619 imaginem

322 2637 541 2696 indolis
573 2637 968 2696 vehementer
1006 2637 1148 2695 huic
1179 2636 1265 2694 rei
1297 2636 1614 2696 studentis.
1705 2637 1909 2698 Facile
1949 2639 2128 2699 intel-

324 2736 493 2815 ligas,
524 2736 712 2795 talem
744 2736 943 2806 fuisse,
976 2735 1079 2813 qui
1112 2754 1175 2793 se
1207 2734 1465 2792 detineri
1509 2741 1693 2812 atque
1735 2736 1925 2814 abripi
1971 2738 2127 2796 sinat

324 2837 454 2914 ipso
486 2835 890 2914 qualicunque
920 2842 1216 2893 terrarum
1248 2833 1497 2910 caelique
1529 2840 1794 2912 aspectu,
1827 2835 1995 2895 velut
2025 2838 2127 2913 qui

327 2936 590 2994 secundo
622 2934 872 2993 flumine
903 2954 1024 2993 non
1061 2933 1286 2992 invitus
1327 2932 1584 2993 labatur.
1676 2932 1796 2993 Sed
1829 2954 1968 2993 cum
1998 2936 2129 3014 ipso

328 3035 592 3093 carmine
622 3053 961 3112 pergamus

1107 3144 1230 3189 Nam
1253 3157 1373 3200 saepe
1396 3141 1648 3201 Gigantum

575 3218 671 3263 Ora
690 3220 842 3264 volare
861 3218 1090 3273 videntur,
1113 3225 1157 3263 et
1176 3216 1389 3262 umbram
1411 3215 1575 3262 ducere
1594 3218 1709 3263 late:

574 3292 815 3337 Interdum
835 3293 993 3353 magni
1013 3300 1209 3345 montes,
1232 3291 1475 3349 avolsaque
1496 3305 1618 3344 saxa,

575 3366 817 3411 Montibus
839 3367 1024 3420 anteire,
1047 3374 1091 3412 et
1113 3367 1255 3410 solem
1277 3362 1518 3408 succedere
1539 3372 1730 3422 praeter3

576 3439 690 3485 Inde
712 3440 822 3485 alios
845 3440 1022 3486 trahere
1043 3448 1177 3500 atque
1198 3437 1413 3484 inducere
1433 3436 1584 3483 bellua
1604 3440 1802 3485 nimbos.

1047 3637 1071 3668 g
1095 3629 1231 3675 Lucr.
1254 3647 1296 3686 4.
1326 3646 1425 3690 130.
