2288 4036
262 198 373 255 598
608 198 690 251 De
717 198 983 268 ἀνωμαλίᾳ
1009 196 1305 269 Iphiyenioe
1330 197 1668 252 Aulidensis:
1729 219 1892 252 PRAEL.
1913 219 2064 255 xxm.

268 343 348 402 Et
380 344 553 422 plura
583 347 829 422 quidem
861 346 1077 404 eodem
1114 347 1331 404 modo:
1379 366 1637 423 quorum
1670 366 1914 406 omnem
1945 348 2067 405 vim

264 443 458 519 quivis
489 443 792 522 intelligat
828 445 890 501 in
922 463 995 502 eo
1027 445 1332 522 praecipue
1374 445 1532 521 poni,
1566 459 1635 503 ut
1666 446 1796 522 ipsa
1818 446 2070 522 pietatis

265 542 640 619 significatiO,
684 543 843 600 notis
885 543 1055 620 quasi
1100 542 1374 601 formulis
1418 543 1597 614 facta,
1633 545 1874 622 gravius
1919 564 2071 621 pun-

262 648 368 719 gat
399 649 462 699 et
494 642 723 700 cruciet
755 641 1025 699 animum
1059 640 1559 720 AgamemnoniS,
1584 642 1701 700 alia
1719 643 1851 720 jam
1880 644 2071 700 medi-

263 742 451 800 tantis
483 741 701 809 omnia,
735 759 917 816 quam
947 759 1087 817 quae
1116 746 1352 817 patrem
1384 748 1655 799 amatum
1688 742 1962 799 deceant.

352 838 448 896 Ex
479 839 590 908 his,
622 839 683 896 id
716 839 879 915 quod
918 838 1214 907 dicebam,
1246 838 1559 908 efficimm,
1594 839 1900 916 Euripidis
1937 859 2072 917 pro-

263 937 522 996 vinciam
575 936 927 996 domesticis
977 938 1246 996 maxime
1296 937 1474 996 rebus
1523 938 1837 1008 contineri,
1886 945 2070 1016 atque

264 1057 336 1096 ea
381 1038 651 1106 caritate,
699 1057 818 1114 qua
861 1043 1073 1096 tuetur
1117 1037 1371 1114 quisque
1418 1044 1707 1115 cognatos
1753 1044 1816 1096 et
1863 1037 2071 1097 affines

264 1155 436 1195 suos:
478 1136 777 1214 siquidem
822 1156 1068 1195 assensu
1114 1135 1306 1195 ferme
1352 1137 1623 1194 omnium
1670 1155 1908 1195 summa
1943 1136 2071 1213 ejus

263 1256 463 1296 causae
503 1236 779 1295 consistit
823 1236 885 1293 in
935 1234 1181 1304 Medea,
1215 1234 1546 1305 Alcestide,
1587 1235 1923 1313 Iphigenia,
1961 1255 2071 1293 030-

264 1335 409 1393 teris
440 1335 756 1413 ejusmodi.
847 1333 854 1340 ’

351 1433 391 1492 J
395 1454 492 1492 am
525 1433 812 1511 quoniam
837 1432 1113 1491 venimus
1143 1432 1219 1491 ad
1245 1431 1628 1511 Iphigeniam
1649 1430 2070 1502 Aulidensem,

263 1551 607 1608 quaeramus
637 1531 943 1609 paulisper
960 1531 1104 1608 quid
1130 1531 1329 1601 fuerit,
1351 1532 1512 1609 quod
1543 1531 1695 1590 adeo
1727 1531 1840 1590 sibi
1872 1532 2074 1610 dispar

265 1631 391 1690 visa
422 1632 500 1689 sit
531 1632 660 1708 ejus
690 1650 962 1708 persona,
996 1628 1334 1688 Aristotele
1365 1630 1611 1706 quidem
1632 1630 1842 1707 judice
1862 1639 1920 1690 y:
1968 1632 2070 1708 qui

265 1731 342 1789 ab
386 1750 458 1788 ea
502 1731 659 1788 sumi
697 1729 893 1787 voluit
939 1729 1246 1806 specimen
1283 1732 1464 1801 ἤθους,
1506 1737 1576 1788 ut
1620 1730 1749 1808 ipse
1793 1731 1900 1800 ait,
1938 1730 2074 1788 ἀνω-

262 1825 465 1896 μάλου·
514 1826 664 1887 οὐδὲν
702 1825 841 1909 γὰρ,
876 1828 1094 1905 inquit,
1125 1827 1294 1887 ἔοικεν
1326 1830 1355 1896 ἡ
1386 1828 1705 1887 ἱκετεύουσα
1741 1834 1812 1907 τῇ
1841 1828 2070 1910 ὑστέρᾳ.

265 1926 427 1997 Quid
459 1926 585 1985 ita?
662 1926 987 1997 Quoniam,
1019 1928 1220 1998 crede,
1253 1947 1391 2004 quae
1422 1927 1540 1986 fuit
1567 1927 1743 1986 initio
1773 1928 2071 1998 tenerior;

262 2046 548 2103 -neque
593 2026 757 2084 enim
802 2026 1080 2105 religioni
1124 2026 1355 2096 habuit,
1388 2026 1696 2104 deprecari
1736 2047 1772 2085 a
1812 2046 1876 2086 se
1914 2047 2074 2086 mor-

262 2133 393 2189 tem
412 2144 552 2183 cum
578 2124 858 2203 lacrymis
881 2132 944 2184 et
969 2124 1251 2184 muliebri
1273 2126 1508 2204 gemitu
1520 2126 1838 2196 3—-eadem
1862 2135 2074 2204 postea

262 2224 648 2283 mactandam
698 2243 762 2283 se
807 2225 922 2283 aris
965 2224 1226 2283 devovet
1273 2223 1485 2283 alacris
1533 2218 1597 2283 et
1645 2223 1799 2293 laeta,
1843 2227 2071 2284 nedum

263 2323 639 2393 voluntaria3
686 2321 949 2382 Achillis
979 2326 1236 2393 certum,
1262 2324 1679 2401 invictumque
1709 2324 2006 2383 auxilium
2036 2345 2074 2384 a

263 2443 327 2483 se
375 2424 862 2482 constantissime
905 2426 1165 2483 avertit:
1218 2443 1358 2482 cum
1405 2431 1613 2482 tamen
1660 2424 1893 2483 consilii
1943 2432 2071 2484 tam

260 2522 464 2581 subito
493 2523 716 2581 mutati
749 2521 918 2580 nulla
948 2522 1140 2581 ferme
1170 2529 1458 2600 appareat
1489 2523 1678 2594 ratio;
1725 2522 1894 2582 nulla
1923 2523 2074 2582 ami-

262 2641 471 2679 corum
502 2630 883 2701 argumenta,
912 2621 1083 2682 nulla
1113 2622 1375 2682 fortunae
1407 2623 1740 2693 conversiO,
1767 2622 1919 2681 nihil
1949 2643 2071 2681 11011

262 2723 397 2780 dico
438 2721 710 2780 delatum
743 2722 819 2780 de
851 2720 996 2780 caelo
1027 2721 1328 2793 machina,
1361 2721 1700 2798 cujusmodi
1737 2721 1934 2781 multa
1964 2721 2070 2781 tali

260 2821 420 2879 nodo
468 2821 655 2880 habet
710 2820 1048 2898 EuripideS,
1100 2821 1205 2879 sed
1254 2841 1332 2879 ne
1381 2821 1669 2880 divinitus
1711 2822 1957 2898 quidem
2008 2823 2072 2879 in

262 2920 443 2978 corda
472 2921 834 2979 immissum.
926 2919 1162 2979 Audite
1194 2940 1336 2979 vero
1354 2928 1377 2955 Ζ
1395 2939 1413 2978 εἱ

502 3018 574 3067 οἷα
596 3021 632 3067 δ’
657 3022 866 3080 εἰσῆλθέν
885 3020 946 3081 μ’,
970 3021 1176 3076 ἄκουσον,
1198 3024 1352 3082 μῆτερ,
1375 3021 1670 3081 ἐννοουμένην

502 3096 730 3142 κατθανεῖν
749 3097 830 3154 μέν
849 3116 924 3156 μοι
947 3097 1162 3142 δέδοκται·
1193 3099 1324 3142 τοῦτο
1346 3095 1384 3141 δ’
1407 3095 1513 3142 αὐτὸ
1533 3094 1757 3154 βούλομαι

502 3172 690 3218 εὐκλεῶς
709 3173 890 3230 πρᾶξαι,
912 3172 1106 3229 παρεῖσά
1126 3170 1169 3230 γ’
1191 3171 1389 3218 ἐκπόδων
1409 3173 1460 3217 τὸ
1483 3170 1709 3231 δυσγενές.

503 3245 635 3305 δεῦρο
657 3246 726 3303 δὴ,
751 3246 923 3305 σκέψαι
944 3244 1039 3305 μεθ’
1063 3245 1197 3304 ἡμῶν,
1219 3247 1370 3304 μῆτερ,
1394 3247 1452 3293 ὡς
1473 3248 1618 3292 καλῶς
1637 3244 1772 3305 λέγω·

504 3317 567 3366 εἷς
588 3318 652 3377 ἔμ’
669 3317 841 3365 ’Ἕλλας
862 3318 886 3376 ἡ
908 3319 1098 3378 μεγίστη
1120 3322 1245 3364 πᾶσα
1267 3322 1342 3365 νῦν
1363 3319 1627 3375 ἀποβλέπει·

505 3393 583 3446 κάν
605 3393 701 3451 ἐμοὶ
723 3393 923 3452 πορθμός
944 3412 992 3438 τε
1014 3398 1141 3447 ναῶν,
1164 3394 1235 3438 καὶ
1258 3399 1443 3455 Φρυγῶν
1465 3394 1764 3454 κατασκαφαὶ,

505 3467 582 3513 τάς
602 3485 651 3512 τε
670 3465 929 3524 μελλούσας
949 3469 1169 3526 γυναῖκας,
1192 3469 1244 3525 ἤν
1265 3486 1306 3512 τι
1328 3467 1469 3526 δρῶσι
1491 3468 1729 3526 βάρβαροι,

510 3576 519 3586 .
538 3576 547 3588 .
568 3575 577 3586 .
596 3544 732 3587 ταῦτα
752 3542 892 3588 πάντα
916 3541 1194 3587 κατθανοῦσα
1214 3540 1424 3601 ῥύσομαι·
1458 3541 1531 3586 καί
1547 3560 1632 3598 μου
1656 3541 1798 3594 κλέος,

384 3660 407 3692 Y
430 3652 556 3698 Poet.
580 3666 618 3698 0.
645 3651 723 3704 28„
1450 3658 1470 3682 z
1493 3651 1592 3709 Iph.
1614 3651 1661 3694 in
1682 3650 1785 3695 Aul.
1816 3649 1946 3710 1385.
