2288 4036
330 194 440 249 652
667 195 931 250 Delectari
955 195 1263 250 Lucretium
1288 196 1495 269 infinito
1523 195 1720 251 aethere.
1773 216 1935 252 PRAEL.
1955 218 2132 253 xxxn.

330 341 603 400 terminis
648 342 1087 419 circumscripti
1132 343 1354 403 mirum
1385 349 1683 420 quantum
1723 363 1787 403 se
1829 344 2132 404 delectare

331 440 542 511 soleat,
595 440 765 517 quasi
819 441 922 517 qui
976 441 1166 500 libero
1219 461 1290 500 ac
1342 441 1541 501 soluto
1595 462 1772 502 cursu
1825 444 2025 503 emitti
2071 463 2135 503 se

331 539 569 607 sentiat,
603 546 666 596 et
697 539 836 598 ferri
876 559 985 617 per
1013 540 1379 601 immensum
1411 541 1638 601 Inane:
1688 562 1822 620 quae
1852 544 2006 601 ratio
2038 549 2133 602 est

331 638 460 715 ejus
491 637 819 716 voluptatis
852 635 927 714 (si
958 646 1163 699 tamen
1195 660 1267 699 ea
1297 639 1575 719 voluptas
1611 647 1705 700 est
1746 640 2129 720 appellanda)

330 757 449 815 qua
479 736 764 795 fruuntur
807 758 1131 815 puerorum
1177 741 1516 817 praesertim
1552 741 1755 810 animi,
1787 741 2025 818 quoties
2068 742 2132 799 in

329 836 574 915 specula
617 837 826 913 quavis
872 837 1112 897 excelsa
1155 839 1367 916 positis
1412 840 1582 897 venit
1624 839 1688 897 in
1733 845 2023 910 mentem,
2062 847 2133 899 ut

328 936 415 1005 fit,
449 935 767 1012 dejiciendi
799 955 949 1007 sese,
979 944 1164 1015 atque
1207 937 1512 997 insiliendi
1543 938 1607 996 in
1637 936 1804 997 Aera
1833 945 2130 1016 apertum,

325 1055 724 1113 vacuumque.
815 1035 1189 1116 Hujusmodi
1221 1043 1386 1096 certe
1417 1037 1745 1118 φαντασίαν
1773 1058 1894 1116 prae
1938 1057 2002 1098 se
2047 1039 2134 1098 fe-

326 1141 469 1193 runt
499 1154 586 1204 ea,
619 1135 837 1212 quibus
874 1143 1334 1216 argumentatus
1365 1144 1494 1196 erat
1530 1136 1736 1216 paullo
1767 1138 2039 1217 superius
2068 1139 2131 1196 in

327 1236 542 1295 eodem
574 1236 649 1295 de
679 1235 916 1294 infinito
947 1236 1140 1314 spatio
1173 1256 1449 1295 sermone
1468 1233 1514 1294 b.

997 1368 1046 1414 Si
1061 1369 1158 1429 jam
1178 1368 1361 1415 finitum
1382 1369 1687 1415 constituatur

569 1444 723 1489 Omne
745 1442 871 1503 quod
891 1450 960 1488 est
982 1443 1195 1502 spatium,
1218 1443 1258 1489 si
1281 1443 1383 1504 quis
1405 1450 1642 1503 procurrat
1664 1443 1723 1489 ad
1743 1458 1845 1490 oras

567 1518 774 1564 Ultimus
796 1524 1034 1571 extremas,
1052 1518 1279 1578 jaciatque
1299 1518 1480 1564 volatile
1502 1519 1660 1572 telum,

569 1591 625 1636 Id
645 1591 806 1637 validis
827 1598 987 1637 utrum
1008 1598 1272 1637 contortum
1292 1592 1470 1638 viribus
1492 1592 1557 1637 ire

568 1665 675 1715 Quo
696 1665 832 1711 fuerit
853 1666 1049 1711 missum
1069 1666 1230 1720 mavis,
1252 1667 1479 1727 longeque
1500 1667 1666 1719 volare,

564 1740 640 1785 An
661 1739 902 1799 prohibere
923 1739 1095 1800 aliquid
1117 1755 1289 1795 censes,
1312 1740 1583 1800 obstareque
1603 1742 1769 1799 posse?

562 1815 852 1860 Alterutrum
872 1814 1051 1860 fatearis
1073 1815 1211 1869 enim,
1236 1828 1483 1875 sumasque
1503 1829 1688 1860 necesse
1710 1820 1804 1867 est,·

566 1890 780 1940 Quorum
801 1896 1050 1950 utrumque
1068 1889 1154 1935 tibi
1174 1889 1399 1950 effugium
1419 1889 1674 1949 praecludit,
1697 1895 1741 1935 et
1765 1888 1916 1935 Omne

565 1964 703 2024 Cogit
723 1972 776 2009 ut
796 1971 1006 2023 exempta
1026 1964 1238 2010 concedis
1260 1964 1350 2010 fine
1370 1971 1535 2023 patere.

565 2038 689 2084 Nam
712 2039 806 2085 sive
827 2045 896 2084 est
917 2038 1103 2099 aliquid,
1127 2038 1252 2100 quod
1272 2038 1525 2099 prohibeat,
1548 2038 1816 2099 afficiatque,

567 2113 674 2164 Quo
694 2114 840 2159 minu'
863 2129 955 2174 quo
976 2114 1173 2160 missum
1194 2116 1255 2159 'st
1275 2114 1441 2168 veniat,
1463 2114 1634 2175 finique
1654 2115 1772 2160 locet
1793 2129 1857 2167 se,

566 2188 671 2234 Sive
691 2188 812 2233 foras
834 2187 991 2242 fertur,
1013 2203 1110 2233 non
1131 2195 1199 2234 est
1221 2204 1273 2234 ea
1293 2188 1389 2233 fini’
1411 2189 1630 2248 profecto.

563 2263 669 2308 Hoc
691 2270 824 2322 pacto
847 2277 1025 2323 sequar,
1049 2269 1184 2323 atque
1205 2278 1306 2309 oras
1327 2262 1592 2322 ubicunque
1612 2262 1773 2308 locaris

562 2338 819 2393 Extremas,
841 2353 1042 2399 quaeram
1064 2337 1176 2398 quid
1196 2338 1286 2383 telo
1309 2337 1504 2398 denique
1525 2337 1618 2382 fiat.

563 2413 661 2459 Fiet
684 2413 752 2459 uti
772 2428 1004 2474 nusquam
1023 2412 1170 2472 possit
1192 2412 1439 2458 consistere
1460 2411 1578 2465 finis,

562 2486 892 2547 Effugiumque
912 2486 1035 2546 fugae
1055 2487 1249 2546 prolatet
1270 2486 1400 2546 copia
1421 2500 1616 2545 semper.

319 2615 440 2686 Qui
485 2615 601 2673 ista
646 2614 886 2685 cecinit,
935 2614 1113 2674 facile
1159 2633 1301 2673 eum
1347 2612 1725 2683 crediderim,
1775 2612 1932 2671 sicut
1978 2632 2125 2690 pue-

317 2734 452 2773 rum
483 2715 595 2774 sub
627 2715 743 2784 di0,
766 2734 907 2774 cum
938 2714 1254 2793 voluptate
1283 2733 1392 2792 per
1421 2719 1727 2772 extremas
1757 2731 1959 2771 rerum
1991 2729 2123 2771 oras

317 2815 659 2893 exspatiari,
690 2815 820 2893 ipso
852 2814 1026 2873 liberi
1056 2815 1315 2894 vagique
1344 2814 1610 2891 impetus
1641 2831 1863 2871 amore.

402 2912 584 2985 Quid,
605 2915 768 2992 quod
798 2914 861 2973 in
888 2914 1034 2973 caelo
1065 2933 1172 2973 seu
1202 2912 1466 2971 nubibus
1491 2917 1702 2990 operto
1734 2911 1860 2970 sive
1891 2908 2122 2986 liquido

314 3019 378 3070 et
422 3031 633 3071 sereno
678 3020 807 3072 tam
853 3013 1072 3091 cupide
1117 3032 1357 3090 semper
1400 3011 1613 3090 defigit
1659 3007 1908 3069 oculos?
1958 3007 2120 3084 quod

313 3109 719 3169 delectatione
764 3111 966 3169 satiari
1010 3129 1132 3168 non
1168 3115 1389 3187 potest,
1422 3108 1660 3186 quoties
1704 3105 2120 3185 aspiciendum

311 3215 404 3267 est
435 3208 602 3268 “hoc
648 3209 906 3269 sublime
951 3208 1265 3276 candenS,''
1297 3215 1367 3267 ut
1407 3226 1548 3266 cum
1587 3206 1786 3266 Ennio
1829 3204 2118 3282 magistro

311 3307 440 3385 ejus
487 3307 737 3386 loquar?
829 3307 1040 3387 Atque
1085 3308 1271 3366 etiam
1309 3307 1573 3385 quodam
1624 3305 1758 3365 loco
1806 3303 2009 3362 mirari
2055 3321 2124 3361 se

308 3407 413 3479 ait,
445 3427 563 3485 quo
601 3408 848 3467 tandem
886 3408 993 3467 fiat
1038 3414 1236 3485 pact0,
1266 3413 1337 3465 ut
1368 3405 1491 3465 ullo
1530 3413 1806 3484 tempore
1839 3402 2116 3463 desinant

1020 3630 1038 3657 b
1062 3631 1199 3676 Lucr.
1228 3644 1266 3675 1.
1292 3628 1396 3689 967.
