2288 4036
130 273 283 311 Pam„
302 274 450 307 xxnc.
528 255 822 325 praesertim
844 253 933 306 sub
961 253 1238 324 Hippolyti
1251 271 1490 324 persona.
1766 256 1874 312 607

132 401 362 461 Deinde
413 400 455 457 si
461 399 720 476 gnificat,
771 398 1066 474 pertinere
1124 397 1226 455 illa
1277 417 1437 455 sacra
1487 399 1560 455 ad
1619 400 1880 475 integros

130 498 280 557 solos
326 503 504 571 atque
554 496 922 569 incorruptos
946 513 961 561 ς
1012 494 1367 570 poenitentes
1414 514 1532 551 non
1585 495 1735 552 bene
1782 496 1882 552 ad-

132 594 306 651 mitti.

419 685 542 731 ὅσοις
562 684 759 728 διδακτὸν
778 683 925 739 μηδὲν,
947 682 1046 726 ἀλλ’
1071 684 1116 727 ἐν
1135 686 1186 739 τῇ
1208 683 1345 741 φύσει

419 759 468 802 τὸ
490 757 736 815 σωφρονεῖν
757 754 936 812 εἴληχεν
956 755 1016 800 εἷς
1036 755 1089 798 τὰ
1108 755 1227 800 πάντ’
1251 755 1330 807 ἀεὶ,

419 827 586 873 τούτοις
609 825 859 884 δρέπεσθαι,
881 829 971 872 τοῖς
992 826 1159 871 κάκοισι
1182 826 1217 870 δ’
1239 828 1290 871 οὐ
1311 826 1442 883 θέμις.

134 933 277 1001 Quae
305 935 506 987 autem
541 927 810 1003 proxime
840 934 1185 1000 sequuntur,
1216 928 1412 983 nescio
1443 929 1734 1002 equidem,
1767 950 1883 1004 qua

126 1029 321 1086 dicam
365 1043 491 1082 esse
521 1023 596 1080 ab
627 1022 869 1099 origine,
900 1030 1024 1078 tam
1061 1030 1200 1079 sunt
1233 1025 1449 1098 gravia,
1487 1025 1719 1099 pudica,
1750 1027 1880 1101 pia;

134 1137 255 1182 tam
297 1141 415 1179 non
460 1119 695 1196 penitus
736 1119 955 1175 absunt
1005 1137 1039 1175 a
1084 1117 1479 1177 Sanctissimae
1524 1120 1709 1178 Vocis
1759 1140 1882 1178 ma-

121 1219 356 1293 jestate.

418 1320 518 1365 ἀλλ’
542 1320 575 1365 ὦ
595 1321 706 1379 φίλη
729 1318 950 1372 δέσποινα,
971 1319 1165 1378 χρυσέας
1185 1322 1315 1377 κόμης

418 1392 609 1450 ἀνάδημα
630 1392 762 1448 δέξαι,
783 1393 929 1450 χειρὸς
950 1393 1159 1445 εὐσεβοῦς
1180 1391 1278 1436 ἅπο·

419 1467 534 1524 μόνῳ
553 1464 636 1523 γάρ
659 1465 754 1509 ἐστι
775 1464 887 1508 τοῦτ’
911 1464 1004 1520 ε’μοὶ
1025 1463 1155 1522 γέρας
1173 1466 1357 1520 βρότων·

418 1536 492 1581 σοὶ
513 1536 582 1579 καὶ
603 1535 786 1593 σύνειμι,
809 1535 877 1579 καὶ
897 1537 1050 1594 λόγοις
1068 1535 1313 1592 ἀμείβομαι,

419 1606 560 1651 κλύων
578 1607 656 1664 μὲν
676 1607 822 1663 αὐδὴν,
844 1606 959 1664 ὄμμα
981 1606 1017 1650 δ’
1040 1608 1123 1664 οὐχ
1144 1609 1257 1665 ὁρῶν
1276 1608 1325 1651 τὸ
1348 1610 1442 1652 σόν·

418 1678 544 1726 τέλος
565 1679 613 1724 δὲ
635 1678 864 1737 κάμψαιμ’,
887 1680 1036 1735 ὥσπερ
1057 1677 1263 1736 ἠρξάμην,
1285 1680 1400 1733 βίου.

138 1782 392 1842 Videtur
421 1779 604 1856 (quod
645 1780 916 1858 religiose
946 1780 1171 1837 dictum
1202 1781 1405 1857 velim)
1437 1781 1601 1856 quasi
1639 1781 1712 1837 de
1756 1781 1882 1838 lon-

133 1879 346 1956 ginquo
376 1876 523 1933 illud
546 1895 683 1933 vere
713 1876 978 1933 divinum
1005 1877 1371 1943 adumbrare,
1401 1893 1655 1934 MUNDOS
1684 1893 1883 1934 CORDE

133 1990 355 2030 VIDERE
383 1989 576 2030 DEUM.
650 1971 829 2030 Unde
859 1979 921 2029 et
950 1971 1052 2029 illa
1081 1973 1349 2039 censetiS,
1382 1973 1543 2028 omni
1574 1970 1881 2030 Academo

130 2068 408 2145 graviora,
429 2067 644 2142 quibus
674 2068 939 2142 increpat
967 2067 1165 2142 turpia
1192 2067 1550 2125 meditantes
1565 2066 1631 2124 ⁰?

950 2185 984 2229 ὦ
1005 2185 1133 2230 κακὸν
1153 2185 1274 2243 κάρα,

418 2255 609 2313 λέκτρων
627 2255 810 2301 ἀθίκτων
829 2254 959 2312 ἦλθες
979 2256 1039 2302 εἷς
1059 2255 1350 2313 συναλλαγάς·

418 2327 447 2370 ἆ
466 2326 544 2386 ’γὼ
563 2326 707 2384 ῥυτοῖς
727 2329 960 2384 νασμοῖσιν
979 2326 1283 2385 ἐξομόρξομαι,

421 2399 482 2444 εἷς
501 2398 588 2443 ὦτα
608 2397 786 2453 κλύζων·
818 2403 910 2444 πῶς
928 2396 981 2443 ἂν
1000 2398 1075 2443 οὖν
1095 2397 1184 2455 εἵην
1205 2399 1344 2450 κακὸς,

422 2468 469 2516 ὃς
489 2469 576 2514 οὔδ’
598 2469 787 2517 ἀκούσας
806 2470 938 2514 τοιάδ’
959 2469 1152 2528 ἁγνεύειν
1172 2471 1283 2514 δοκῶ
1294 2488 1309 2522 3

136 2571 331 2629 Etiam
360 2571 527 2639 illud,
556 2578 624 2628 ut
653 2572 715 2628 in
743 2572 985 2629 homine
1016 2572 1249 2640 Graeco,
1281 2574 1420 2630 satis
1450 2592 1751 2631 severum:

853 2690 954 2734 οὐδὲ
974 2693 1108 2735 ταῦτα
1126 2691 1211 2749 γὰρ
1233 2694 1412 2736 σκοπεῖν

419 2761 640 2820 πρόθυμος
660 2762 759 2819 εἶμι,
789 2761 1085 2821 πάρθενον
1123 2764 1324 2823 ψυχὴν
1364 2765 1526 2822 ἔχων.

134 2863 289 2931 Quid
318 2865 476 2939 quod
503 2865 566 2921 in
597 2866 878 2922 extremis
906 2865 1022 2923 illis
1052 2866 1386 2942 angoribus,
1416 2867 1676 2923 animam
1706 2869 1882 2924 modo

60 2945 62 2947 ⁵
125 2959 249 3034 jam
291 2966 543 3028 acturus,
572 2980 692 3018 non
735 2962 850 3019 alia
892 2981 956 3019 re
998 2963 1186 3039 magis
1227 2970 1540 3030 recreatur,
1572 2983 1749 3038 quam
1780 2964 1882 3021 ob-

131 3072 299 3112 scura
326 3056 578 3130 quadam
608 3058 917 3114 castissimi
950 3056 1232 3114 Numinis
1260 3058 1653 3133 praesentiap?

421 3167 454 3212 ὦ
475 3168 589 3213 θεῖον
609 3168 742 3226 ὀδμῆς
760 3171 938 3225 πνεῦμα·
973 3169 1041 3212 καὶ
1060 3169 1145 3227 γὰρ
1167 3169 1212 3213 ἐν
1232 3172 1374 3215 κακοῖς

421 3240 480 3284 ὢν
497 3239 695 3297 ᾐσθόμην
715 3258 813 3293 σου,
835 3241 1185 3299 κάνακουφίσθην
1205 3240 1346 3298 δέμας·

422 3310 513 3355 ἐστ’
536 3311 581 3356 ἐν
600 3313 775 3356 τόποισι
796 3311 944 3357 τοῖσδέ
964 3311 1223 3370 γ”Ἀρτ-εμις
1243 3312 1334 3358 θέα.

305 3510 329 3534 ⁰
350 3504 487 3569 Hipp.
511 3503 614 3559 656.
903 3503 905 3505 ’
1395 3512 1418 3542 1²
1439 3504 1550 3548 Ibid.
1578 3515 1704 3562 1407.
