2288 4036
231 167 341 224 694
536 169 772 220 Amantes
798 167 1059 219 interdum
1086 167 1390 219 vaticinatos
1401 167 1588 235 fuisse.
1658 185 1817 217 PRAEL.
1843 184 2030 218 xxxw.

231 314 444 391 Atque
470 315 546 372 ob
569 335 701 372 eam
728 316 978 372 fortasse
1004 334 1245 372 causam
1270 334 1594 372 commune
1618 313 1858 390 aliquod
1886 311 2030 369 olim

222 414 581 490 judicabant
614 433 743 471 esse
770 413 1076 471 vinculum
1110 413 1330 471 insanis
1362 433 1498 471 cum
1534 421 1743 470 vatum
1775 429 2034 486 cumque

231 521 548 590 poetarum
599 514 886 582 natione;
940 513 1262 570 obscurum
1313 512 1557 589 quidem
1604 510 1755 569 illud
1803 530 1873 568 ac
1918 529 2037 567 coe-

231 631 388 681 cum,
422 612 526 669 sed
558 630 687 669 esse
719 618 945 669 tamen.

320 710 537 768 Nolite
582 717 789 768 autem
839 718 1070 788 putare,
1113 711 1376 778 obsecrO,
1427 710 1743 768 evanidam
1796 725 2035 785 prorsus

231 815 295 867 et
327 808 661 867 obsoletam
696 811 967 868 evenisse
1012 809 1193 867 hodie
1230 808 1397 867 illam
1431 809 1795 885 opinionem,
1827 811 2037 883 postea

232 907 517 965 videlicet
565 928 744 984 quam
796 928 858 966 se
908 907 1216 966 diffuderit
1264 909 1544 966 universo
1590 907 1734 965 orbe
1780 922 2038 982 superna

231 1026 301 1064 ac
333 1026 474 1064 vera
506 1007 663 1065 Lux.
757 1007 921 1064 Nam
962 1007 1173 1084 prium,
1208 1007 1538 1064 videndum
1566 1026 1643 1065 ne
1674 1006 1751 1064 sit
1788 1003 2037 1062 alienior

233 1127 268 1165 a
304 1107 612 1183 provincia
652 1107 897 1183 pietatis
928 1107 1206 1164 universa
1239 1107 1488 1182 quaestio
1527 1107 1602 1163 de
1646 1123 1868 1183 genere
1900 1122 2039 1160 cau-

230 1207 432 1283 sisque
478 1207 745 1265 insaniae.
839 1207 981 1264 Non
1018 1206 1181 1264 enim
1214 1225 1286 1263 eo
1320 1204 1569 1264 consilio
1602 1204 1768 1262 venit
1811 1203 1874 1260 in
1919 1209 2039 1259 ter-

232 1325 325 1364 ras
379 1307 583 1364 divina
630 1305 895 1376 VeritaS,
944 1313 1014 1363 ut
1063 1305 1335 1364 difficiles
1395 1304 1657 1363 solveret
1715 1304 1924 1371 nodOS,
1975 1308 2038 1360 et

230 1411 448 1480 praesto
495 1411 654 1463 esset
701 1404 1151 1482 disputantibus
1191 1404 1265 1462 de
1311 1405 1526 1462 animae
1572 1410 1808 1473 natura,
1854 1406 1918 1459 et
1963 1400 2038 1458 de

231 1505 465 1563 ratione
495 1505 864 1562 morborum.
2043 1582 2047 1585 ι

319 1599 578 1670 Deinde,
610 1621 744 1678 quae
777 1602 851 1659 de
897 1602 1026 1660 istis
1071 1602 1252 1659 rebus
1297 1622 1418 1660 non
1463 1608 1590 1660 tam
1623 1602 2040 1659 demonstrant

231 1719 415 1775 quam
447 1700 805 1778 significant,
838 1700 1008 1759 velut
1039 1700 1203 1773 aliud
1237 1701 1490 1780 agendo,
1525 1699 1903 1759 Sacrosancti
1938 1698 2041 1756 Li-

232 1799 344 1867 bri,
399 1819 472 1857 ea
524 1806 666 1857 sunt
725 1799 1015 1877 profecto,
1067 1820 1199 1877 quae
1260 1800 1626 1858 sententiam
1685 1797 2039 1877 popularem

234 1899 679 1968 commendare,
725 1919 848 1957 non
893 1901 1274 1969 conturbare,
1315 1900 1650 1958 videantur.
1741 1898 1910 1968 Quot
1956 1895 2041 1955 ibi

231 1997 490 2075 legimus
536 1997 816 2056 historias
862 1998 1181 2057 hominum
1227 1999 1562 2057 miserrime
1603 2003 1963 2055 vexatorum
2006 2014 2043 2053 a

232 2096 528 2154 Daemone
559 2096 657 2154 vel
690 2117 812 2155 uno
844 2097 941 2155 vel
978 2095 1286 2174 pluribus!
1335 2116 1591 2173 quorum
1622 2115 1756 2173 quae
1799 2114 2042 2153 narran-

230 2201 332 2251 tur
362 2196 531 2273 signa
563 2196 911 2254 morborum
955 2215 1095 2254 cum
1139 2195 1258 2254 illis
1298 2196 1478 2273 plane
1509 2201 1868 2274 congruunt,
1902 2214 2040 2271 quae

230 2295 292 2351 in
326 2295 532 2353 oculos
563 2295 836 2371 quotidie
882 2297 1200 2354 incurrunt
1240 2296 1402 2373 apud
1441 2295 1697 2354 furiosos
1734 2301 1798 2353 et
1836 2313 2043 2352 amen-

231 2400 341 2452 tes.
435 2393 607 2451 Num
653 2395 841 2472 igitur
882 2394 992 2453 hos
1041 2402 1322 2471 praestare
1374 2395 1625 2453 audebit
1669 2394 1886 2471 aliquis
1929 2394 2042 2452 im-

231 2510 447 2550 munes
479 2512 514 2550 a
545 2492 704 2550 mala
731 2492 1097 2551 Daemonum
1123 2493 1224 2551 vi?
1270 2493 1396 2562 hos,
1420 2494 1687 2570 inquam,
1706 2492 1808 2569 qui
1839 2511 2040 2551 coram

183 2604 186 2607 ’
231 2591 493 2649 adsunt?
559 2591 805 2661 Quanto
835 2593 1029 2671 magis
1060 2592 1349 2650 credibile
1381 2600 1490 2661 est,
1523 2594 1720 2670 prisco
1749 2591 1855 2650 illo
1885 2599 2042 2649 tem-

230 2708 393 2766 pore,
426 2689 696 2747 nondum
738 2698 950 2767 aperto
981 2690 1146 2760 caeIO,
1180 2691 1404 2750 fudisse
1434 2692 1770 2750 identidem
1803 2688 2043 2748 oracula

232 2788 507 2863 quaedam
555 2807 662 2846 sua
704 2789 931 2848 Genios
978 2809 1083 2847 seu
1129 2791 1342 2848 noxios
1388 2809 1494 2848 seu
1539 2791 1848 2868 benignos,
1881 2795 2044 2866 post—

229 2906 412 2962 quam
459 2887 647 2945 semel
692 2890 872 2965 potiti
920 2890 1162 2947 fuerant
1213 2897 1422 2947 mente
1469 2890 1779 2956 diviniore,
1827 2895 1891 2946 et
1938 2906 2041 2945 ore

229 3004 451 3063 magna
500 2994 803 3056 sonaturo,
850 3007 972 3045 non
1027 2989 1270 3064 penitus
1324 2995 1532 3046 tamen
1584 2989 1675 3047 sui
1722 2985 2038 3064 compote!

232 3083 426 3160 qualis
458 3092 607 3153 erat,
641 3086 869 3162 opinor,
904 3085 1246 3146 Lucretius,

319 3181 553 3260 Magna
592 3183 709 3241 fuit
754 3186 1090 3262 antiquitus
1145 3187 1306 3262 apud
1358 3185 1513 3254 illos,
1560 3187 1662 3262 qui
1711 3185 2039 3262 plurimum

232 3280 523 3338 videbant
570 3282 632 3338 in
682 3283 861 3340 rebus
907 3284 1144 3353 divinis,
1190 3285 1411 3361 opinio,
1456 3303 1578 3341 non
1623 3284 1750 3342 sine
1793 3283 2043 3342 Daemo-

235 3396 383 3434 num
432 3396 547 3454 ope
588 3397 872 3455 responsa
918 3380 1044 3437 dari
1090 3379 1498 3438 celeberrimis
1545 3381 1608 3437 in
1655 3381 1868 3458 adytis,
1916 3378 2043 3438 Do-

238 3477 432 3534 donaei
464 3475 504 3534 J
509 3478 656 3546 ovis,
693 3475 1000 3555 Apollinis
1034 3478 1293 3557 Pythici,
1326 3479 1672 3557 Trophonii,
1699 3478 2041 3546 AmmoniS,
