2288 4036
300 177 411 228 534
697 175 977 230 Pindarus
1002 194 1096 229 cur
1125 177 1351 249 [Eyinoe
1362 177 1588 248 faveat.-
1767 197 1926 230 PRAEL.
1947 197 2097 231 xxvi.

302 344 421 401 quo
468 324 767 383 deducere
812 325 1001 401 possit
1046 325 1177 401 ejus
1217 345 1457 403 quoque
1499 326 1761 385 civitatis
1805 327 2100 405 originem

300 423 378 484 ad
410 422 666 491 ThebaS,
699 430 884 499 atque
915 423 1066 481 adeo
1097 424 1174 482 ad
1205 443 1376 483 suam
1407 426 1638 484 tribum
1657 421 1704 483 d.

604 543 654 586 τὸ
677 540 714 585 δ’
739 541 843 599 ἐμὸν
863 539 1065 600 γαρύοντ’
1088 541 1175 586 ἀπὸ
1198 541 1398 601 Σπάρτας
1418 542 1635 602 ἐπήρατον
1656 541 1798 593 κλέος·

604 615 706 660 ὅθεν
725 614 1031 675 γεγενναμένοι

604 687 749 733 ἵκοντο
773 686 973 747 Θήρανδε
995 690 1143 748 φῶτες
1165 686 1377 749 Αἰγεΐδαι,

605 762 701 820 ἐμοὶ
722 760 923 820 πατέρες,
947 762 997 807 οὔ
1020 762 1132 807 θεῶν
1152 762 1272 822 ἄτερ.

302 860 459 918 Haec
492 860 609 918 dici
642 879 719 917 ex
752 878 1008 937 persona
1043 861 1228 937 ipsius
1260 860 1523 928 Pindari,
1554 879 1675 917 non
1709 859 1932 918 chorici
1965 881 2103 919 can-

298 961 465 1030 toris,
525 958 622 1017 vel
681 959 819 1017 ideo
875 959 1084 1018 docuit
1136 960 1226 1017 vir
1278 960 1407 1036 ejus
1465 961 1809 1038 argumenti
1867 960 2103 1037 peritis-

299 1059 537 1129 simusss,
568 1060 855 1135 quoniam
896 1060 1229 1136 pertineret
1260 1060 1337 1118 ad
1369 1059 1599 1138 Lyricae
1631 1059 1893 1119 Poeseos
1932 1059 2104 1118 indo-

297 1159 438 1229 lem,
469 1166 538 1217 ut
585 1179 648 1217 se
695 1179 923 1236 suaque
970 1159 1259 1237 Scriptor,
1303 1159 1473 1218 nulla
1515 1159 1825 1238 religione,
1862 1160 1926 1218 in
1969 1179 2104 1237 par-

296 1266 426 1317 tem
474 1260 755 1318 carminis
806 1260 1177 1318 admitteret.
1268 1259 1448 1330 Quod
1499 1267 1709 1318 contra
1760 1259 1831 1317 fit
1883 1259 2103 1336 saepius

296 1360 456 1436 apud
509 1359 836 1437 Tragoedos
888 1365 952 1417 et
1008 1358 1248 1437 Epicos
1341 1359 1433 1417 Eo
1487 1359 1735 1423 liberius
1787 1357 2103 1437 indulgere

297 1460 409 1518 sibi
451 1461 650 1537 potuit
683 1461 999 1530 Pindarus,
1033 1462 1081 1519 si
1114 1481 1232 1538 qua
1263 1461 1361 1519 vel
1391 1481 1499 1539 per
1529 1461 1800 1521 locorum
1831 1461 2104 1518 admoni-

295 1567 429 1617 tum
462 1559 558 1618 vel
591 1580 699 1637 per
737 1560 1002 1619 historiae
1040 1560 1253 1619 seriem
1290 1561 1547 1619 dabatur
1589 1579 1734 1619 ansa
1776 1560 2103 1618 mentionis

295 1659 633 1736 injiciendae
665 1681 870 1719 earum
914 1651 1137 1731 rerum,
1166 1660 1385 1738 quibus
1415 1662 1543 1739 ipse
1575 1661 1680 1719 diu
1715 1659 2102 1737 multumque

296 1766 662 1818 assueverat.

385 1858 507 1917 Sed
539 1860 601 1917 in
632 1859 748 1921 hoc
779 1860 1059 1919 universo
1098 1880 1322 1939 genere
1357 1859 1511 1918 nihil
1542 1859 1887 1938 praeclarius
1919 1879 2101 1937 quam

296 1956 540 2038 AEginae
585 1958 795 2018 laudes
825 1960 1009 2017 toties
1039 1961 1334 2038 repetitae,
1367 1979 1629 2037 cumque
1665 1958 1847 2018 laude
1878 1966 1942 2018 et
1971 1958 2102 2038 glo-

295 2059 384 2117 ria
441 2059 787 2118 Thebarum
848 2059 1309 2138 diligentissime
1370 2060 1741 2138 conjunctae3
1803 2059 2102 2137 siquidem

295 2159 631 2218 audiendus
667 2159 782 2218 erit
812 2159 940 2237 ipse
974 2158 1288 2228 PindarUS,
1321 2158 1699 2218 vehementis
1740 2159 1870 2237 ejus
1915 2159 2102 2217 studii

295 2278 419 2316 non
459 2258 639 2318 aliam
681 2258 936 2318 afferens
974 2278 1232 2328 causam,
1265 2279 1449 2337 quam
1491 2259 1652 2337 quod
1698 2259 2102 2337 perhibebant

294 2357 636 2417 fabularum
711 2358 983 2428 studiosi,
1051 2358 1328 2416 extitisse
1387 2358 1612 2417 Thebis
1683 2366 2100 2437 pervetustam

209 2508 217 2514 .
295 2458 597 2534 quandam
635 2478 776 2516 cum
812 2458 1035 2537 AEgina
1070 2458 1498 2537 cognationem
1510 2455 1543 2516 f.

596 2577 682 2637 χρὴ
706 2575 743 2622 δ’
767 2577 813 2623 ἐν
834 2576 1131 2623 ἑπταπύλοιο-ι
1154 2575 1324 2634 Θήβαις
1343 2575 1570 2637 τραφέντα

600 2653 754 2713 Αἷγίνᾳ
776 2653 970 2713 χαρίτων
990 2651 1131 2697 ἄωτον
1152 2650 1400 2710 προνέμειν,

597 2727 765 2786 πατρὸς
785 2724 940 2772 οὕνεκα
961 2726 1138 2785 δίδυμαι
1157 2724 1339 2786 γένοντο
1361 2724 1591 2786 θύγατρες,
1612 2724 1878 2772 Ἀσωπίδων

598 2803 858 2847 ὁπλόταται.

292 2897 433 2957 Jam
480 2907 704 2958 norunt
743 2919 974 2972 omneS,
1006 2900 1350 2980 quicunque
1382 2898 1703 2957 Pindarica
1745 2898 1842 2957 vel
1887 2900 2095 2977 primis

292 2999 475 3056 modo
506 2998 687 3057 labris
732 3000 1086 3077 attigerunt,
1120 2999 1313 3058 solere
1350 3019 1492 3057 eum
1534 2998 1670 3076 plus
1711 2998 1890 3058 solito
1933 3020 2096 3058 com-

292 3098 540 3167 moveri,
595 3118 732 3156 cum
787 3118 1008 3177 magna
1067 3099 1506 3178 significatione
1560 3099 1645 3176 pii
1697 3119 1767 3157 ac
1823 3099 2096 3177 germani

294 3198 532 3268 amoriS,
570 3199 807 3275 quoties
853 3198 928 3255 de
970 3195 1200 3277 AEgina
1244 3199 1587 3257 dicendum.
1679 3198 1926 3276 Nempe
1971 3220 2098 3258 arc—

294 3297 526 3355 tissima
577 3316 699 3355 non
753 3298 935 3355 modo
989 3299 1283 3357 societate
1329 3318 1540 3356 verum
1593 3299 1779 3357 etiam
1831 3299 2094 3377 hospitio

281 3396 704 3476 jungebantur
746 3398 907 3455 inter
957 3417 1020 3456 se
1062 3398 1195 3456 duae
1240 3399 1535 3457 civitateS.
1625 3398 1828 3468 Quare
1875 3398 2095 3457 Pinda—

293 3516 409 3566 rus,
459 3502 530 3554 ut
582 3503 712 3554 erat
769 3496 1079 3574 hospitum
1128 3497 1283 3574 juris
1336 3497 1912 3567 observantissimus,
1961 3504 2094 3556 tota

354 3656 377 3687 ‘¹
399 3658 533 3714 Pyth.
558 3671 599 3714 5.
625 3657 698 3717 96,
977 3665 997 3689 e
1022 3658 1204 3708 Dissen.
1229 3658 1276 3702 in
1298 3659 1381 3703 loc.
1668 3659 1686 3695 f
1709 3660 1860 3704 Isthm.
1888 3671 1928 3719 7.
1953 3671 2024 3717 35.
2068 3707 2076 3716 ,
