<?xml version="1.0" encoding="UTF-8"?>
<!DOCTYPE html PUBLIC "-//W3C//DTD XHTML 1.0 Transitional//EN"
    "http://www.w3.org/TR/xhtml1/DTD/xhtml1-transitional.dtd">
<html xmlns="http://www.w3.org/1999/xhtml" xml:lang="en" lang="en">
 <head>
  <title>
</title>
<meta http-equiv="Content-Type" content="text/html;charset=utf-8" />
  <meta name='ocr-system' content='tesseract 3.04.00' />
  <meta name='ocr-capabilities' content='ocr_page ocr_carea ocr_par ocr_line ocrx_word'/>
</head>
<body>
  <div class='ocr_page' id='page_1' title='image "./a588873902kebluoft_0205.png"; bbox 0 0 2288 4036; ppageno 0'>
   <div class='ocr_carea' id='block_1_1' title="bbox 285 1291 1761 1363">
    <p class='ocr_par' dir='ltr' id='par_1_1' title="bbox 285 1291 1761 1363">
     <span class='ocr_line' id='line_1_1' title="bbox 285 1291 1761 1363; baseline 0.002 -7"><span class='ocrx_word' id='word_1_1' title='bbox 285 1291 876 1362; x_wconf 84' lang='lat' dir='ltr'>PRAELECTIO</span> <span class='ocrx_word' id='word_1_2' title='bbox 927 1296 1410 1363; x_wconf 89' lang='lat' dir='ltr'><strong>VIGESIMA</strong></span> <span class='ocrx_word' id='word_1_3' title='bbox 1463 1295 1761 1362; x_wconf 90' lang='lat' dir='ltr'><strong>NONA.</strong></span> 
     </span>
    </p>
   </div>
   <div class='ocr_carea' id='block_1_2' title="bbox 145 1800 1894 2296">
    <p class='ocr_par' dir='ltr' id='par_1_2' title="bbox 145 1800 1894 2296">
     <span class='ocr_line' id='line_1_2' title="bbox 145 1800 1894 1860; baseline 0.002 -18"><span class='ocrx_word' id='word_1_4' title='bbox 145 1800 428 1857; x_wconf 79' lang='lat' dir='ltr'><strong><em>Disceptatur</em></strong></span> <span class='ocrx_word' id='word_1_5' title='bbox 458 1800 509 1843; x_wconf 83' lang='lat' dir='ltr'><strong><em>de</em></strong></span> <span class='ocrx_word' id='word_1_6' title='bbox 538 1801 769 1859; x_wconf 80' lang='lat' dir='ltr'><strong><em>Euripidis</em></strong></span> <span class='ocrx_word' id='word_1_7' title='bbox 800 1802 914 1845; x_wconf 86' lang='lat' dir='ltr'><strong><em>inter</em></strong></span> <span class='ocrx_word' id='word_1_8' title='bbox 945 1802 1187 1846; x_wconf 86' lang='lat' dir='ltr'><strong><em>Primarios</em></strong></span> <span class='ocrx_word' id='word_1_9' title='bbox 1223 1804 1330 1846; x_wconf 81' lang='lat' dir='ltr'><strong><em>loco.</em></strong></span> <span class='ocrx_word' id='word_1_10' title='bbox 1398 1801 1677 1860; x_wconf 74' lang='lat' dir='ltr'><strong><em>Quadrupleoe</em></strong></span> <span class='ocrx_word' id='word_1_11' title='bbox 1710 1804 1894 1859; x_wconf 80' lang='lat' dir='ltr'><strong><em>affertur</em></strong></span> 
     </span>
     <span class='ocr_line' id='line_1_3' title="bbox 201 1874 1894 1932; baseline 0.001 -16"><span class='ocrx_word' id='word_1_12' title='bbox 201 1874 332 1926; x_wconf 87' lang='lat' dir='ltr'><strong><em>ratio,</em></strong></span> <span class='ocrx_word' id='word_1_13' title='bbox 355 1888 431 1916; x_wconf 87' lang='lat' dir='ltr'><strong><em>cur</em></strong></span> <span class='ocrx_word' id='word_1_14' title='bbox 451 1889 542 1917; x_wconf 89' lang='lat' dir='ltr'><strong><em>eum</em></strong></span> <span class='ocrx_word' id='word_1_15' title='bbox 563 1874 733 1918; x_wconf 83' lang='lat' dir='ltr'><strong><em>dubium</em></strong></span> <span class='ocrx_word' id='word_1_16' title='bbox 753 1876 890 1932; x_wconf 80' lang='lat' dir='ltr'><strong><em>aliqui</em></strong></span> <span class='ocrx_word' id='word_1_17' title='bbox 911 1876 1150 1919; x_wconf 79' lang='lat' dir='ltr'><strong><em>habuerint.</em></strong></span> <span class='ocrx_word' id='word_1_18' title='bbox 1203 1875 1483 1919; x_wconf 79' lang='lat' dir='ltr'><strong><em>Eoeousantur</em></strong></span> <span class='ocrx_word' id='word_1_19' title='bbox 1501 1876 1721 1927; x_wconf 89' lang='lat' dir='ltr'><strong><em>nonnulla,</em></strong></span> <span class='ocrx_word' id='word_1_20' title='bbox 1743 1875 1894 1919; x_wconf 81' lang='lat' dir='ltr'><strong><em>deinde</em></strong></span> 
     </span>
     <span class='ocr_line' id='line_1_4' title="bbox 202 1948 1891 2006; baseline 0 -14"><span class='ocrx_word' id='word_1_21' title='bbox 202 1948 484 2000; x_wconf 79' lang='lat' dir='ltr'><strong><em>concluditur,</em></strong></span> <span class='ocrx_word' id='word_1_22' title='bbox 508 1949 644 2003; x_wconf 86' lang='lat' dir='ltr'><strong><em>facta</em></strong></span> <span class='ocrx_word' id='word_1_23' title='bbox 675 1950 921 2005; x_wconf 65' lang='lat' dir='ltr'><strong><em>praesertim</em></strong></span> <span class='ocrx_word' id='word_1_24' title='bbox 951 1950 1198 2006; x_wconf 77' lang='lat' dir='ltr'><strong><em>kaiyenioe,</em></strong></span> <span class='ocrx_word' id='word_1_25' title='bbox 1229 1950 1481 2006; x_wconf 74' lang='lat' dir='ltr'><strong><em>Antiqones,</em></strong></span> <span class='ocrx_word' id='word_1_26' title='bbox 1514 1950 1743 2006; x_wconf 76' lang='lat' dir='ltr'><strong><em>Polyoeenoe</em></strong></span> <span class='ocrx_word' id='word_1_27' title='bbox 1778 1964 1891 1992; x_wconf 87' lang='lat' dir='ltr'><strong><em>men-</em></strong></span> 
     </span>
     <span class='ocr_line' id='line_1_5' title="bbox 202 2021 1889 2077; baseline 0.001 -15"><span class='ocrx_word' id='word_1_28' title='bbox 202 2021 328 2072; x_wconf 84' lang='lat' dir='ltr'><strong><em>tione,</em></strong></span> <span class='ocrx_word' id='word_1_29' title='bbox 360 2035 410 2063; x_wconf 81' lang='lat' dir='ltr'><strong><em>eoe</em></strong></span> <span class='ocrx_word' id='word_1_30' title='bbox 442 2021 581 2063; x_wconf 87' lang='lat' dir='ltr'><strong><em>animo</em></strong></span> <span class='ocrx_word' id='word_1_31' title='bbox 618 2021 851 2063; x_wconf 79' lang='lat' dir='ltr'><em>celebrasse</em></span> <span class='ocrx_word' id='word_1_32' title='bbox 884 2021 1006 2064; x_wconf 87' lang='lat' dir='ltr'><strong><em>illum</em></strong></span> <span class='ocrx_word' id='word_1_33' title='bbox 1042 2036 1278 2064; x_wconf 84' lang='lat' dir='ltr'><strong><em>communes</em></strong></span> <span class='ocrx_word' id='word_1_34' title='bbox 1312 2027 1354 2064; x_wconf 92' lang='lat' dir='ltr'><strong><em>et</em></strong></span> <span class='ocrx_word' id='word_1_35' title='bbox 1384 2021 1638 2063; x_wconf 83' lang='lat' dir='ltr'><strong><em>domesticos</em></strong></span> <span class='ocrx_word' id='word_1_36' title='bbox 1673 2022 1854 2077; x_wconf 84' lang='lat' dir='ltr'><strong><em>affectus</em></strong></span> <span class='ocrx_word' id='word_1_37' title='bbox 1869 2039 1889 2069; x_wconf 82' lang='lat'><strong><em>,-</em></strong></span> 
     </span>
     <span class='ocr_line' id='line_1_6' title="bbox 201 2092 1892 2150; baseline 0.001 -16"><span class='ocrx_word' id='word_1_38' title='bbox 201 2092 474 2135; x_wconf 80' lang='lat' dir='ltr'><strong><em>libentissime</em></strong></span> <span class='ocrx_word' id='word_1_39' title='bbox 506 2099 643 2135; x_wconf 87' lang='lat' dir='ltr'><strong><em>autem</em></strong></span> <span class='ocrx_word' id='word_1_40' title='bbox 683 2093 729 2135; x_wconf 90' lang='lat' dir='ltr'><strong><em>in</em></strong></span> <span class='ocrx_word' id='word_1_41' title='bbox 769 2093 869 2136; x_wconf 88' lang='lat' dir='ltr'><strong><em>istis</em></strong></span> <span class='ocrx_word' id='word_1_42' title='bbox 910 2099 1210 2137; x_wconf 83' lang='lat' dir='ltr'><strong><em>commoratum</em></strong></span> <span class='ocrx_word' id='word_1_43' title='bbox 1237 2094 1399 2149; x_wconf 87' lang='lat' dir='ltr'><strong><em>fuisse,</em></strong></span> <span class='ocrx_word' id='word_1_44' title='bbox 1438 2108 1530 2150; x_wconf 84' lang='lat' dir='ltr'><strong><em>quae</em></strong></span> <span class='ocrx_word' id='word_1_45' title='bbox 1567 2092 1757 2135; x_wconf 87' lang='lat' dir='ltr'><strong><em>durioris</em></strong></span> <span class='ocrx_word' id='word_1_46' title='bbox 1791 2099 1892 2136; x_wconf 85' lang='lat' dir='ltr'><strong><em>sunt</em></strong></span> 
     </span>
     <span class='ocr_line' id='line_1_7' title="bbox 199 2165 1894 2223; baseline 0 -16"><span class='ocrx_word' id='word_1_47' title='bbox 199 2179 312 2208; x_wconf 84' lang='lat' dir='ltr'><strong><em>venoe</em></strong></span> <span class='ocrx_word' id='word_1_48' title='bbox 340 2171 382 2207; x_wconf 87' lang='lat' dir='ltr'><strong><em>et</em></strong></span> <span class='ocrx_word' id='word_1_49' title='bbox 409 2165 468 2207; x_wconf 81' lang='lat' dir='ltr'><strong><em>ad</em></strong></span> <span class='ocrx_word' id='word_1_50' title='bbox 493 2166 721 2208; x_wconf 84' lang='lat' dir='ltr'><strong><em>asoetioa</em></strong></span> <span class='ocrx_word' id='word_1_51' title='bbox 746 2166 985 2222; x_wconf 81' lang='lat' dir='ltr'><strong><em>propioris.</em></strong></span> <span class='ocrx_word' id='word_1_52' title='bbox 1055 2166 1148 2214; x_wconf 85' lang='lat' dir='ltr'><strong><em>Quo</em></strong></span> <span class='ocrx_word' id='word_1_53' title='bbox 1174 2167 1220 2209; x_wconf 89' lang='lat' dir='ltr'><strong><em>in</em></strong></span> <span class='ocrx_word' id='word_1_54' title='bbox 1246 2168 1337 2209; x_wconf 84' lang='lat' dir='ltr'><strong><em>loeo</em></strong></span> <span class='ocrx_word' id='word_1_55' title='bbox 1363 2166 1615 2223; x_wconf 75' lang='lat' dir='ltr'><strong><em>eoependitur</em></strong></span> <span class='ocrx_word' id='word_1_56' title='bbox 1640 2165 1753 2208; x_wconf 84' lang='lat' dir='ltr'><strong><em>illud</em></strong></span> <span class='ocrx_word' id='word_1_57' title='bbox 1779 2165 1894 2222; x_wconf 81' lang='lat' dir='ltr'><strong><em>quod</em></strong></span> 
     </span>
     <span class='ocr_line' id='line_1_8' title="bbox 198 2237 1622 2296; baseline 0 -15"><span class='ocrx_word' id='word_1_58' title='bbox 198 2238 321 2294; x_wconf 75' lang='lat' dir='ltr'><strong><em>vulyo</em></strong></span> <span class='ocrx_word' id='word_1_59' title='bbox 342 2237 516 2290; x_wconf 84' lang='lat' dir='ltr'><strong><em>dieitur,</em></strong></span> <span class='ocrx_word' id='word_1_60' title='bbox 536 2239 787 2296; x_wconf 86' lang='grc' dir='ltr'>μισόγυνον,</span> <span class='ocrx_word' id='word_1_61' title='bbox 808 2239 933 2281; x_wconf 88' lang='lat' dir='ltr'><strong><em>immo</em></strong></span> <span class='ocrx_word' id='word_1_62' title='bbox 952 2239 1172 2296; x_wconf 85' lang='grc' dir='ltr'>μισόθεον,</span> <span class='ocrx_word' id='word_1_63' title='bbox 1181 2240 1329 2296; x_wconf 86' lang='lat' dir='ltr'><strong><em>fuisse</em></strong></span> <span class='ocrx_word' id='word_1_64' title='bbox 1349 2239 1622 2295; x_wconf 77' lang='lat' dir='ltr'><strong><em>Euripidem.</em></strong></span> 
     </span>
    </p>
   </div>
   <div class='ocr_carea' id='block_1_3' title="bbox 133 2379 1888 3608">
    <p class='ocr_par' dir='ltr' id='par_1_3' title="bbox 133 2379 1888 3608">
     <span class='ocr_line' id='line_1_9' title="bbox 295 2379 1888 2438; baseline 0 -1"><span class='ocrx_word' id='word_1_65' title='bbox 295 2379 476 2438; x_wconf 91' lang='lat' dir='ltr'><strong><em>UOD</em></strong></span> <span class='ocrx_word' id='word_1_66' title='bbox 520 2382 582 2437; x_wconf 91' lang='lat' dir='ltr'><strong><em>in</em></strong></span> <span class='ocrx_word' id='word_1_67' title='bbox 625 2381 924 2438; x_wconf 86' lang='lat' dir='ltr'><strong><em>communi</em></strong></span> <span class='ocrx_word' id='word_1_68' title='bbox 964 2382 1088 2438; x_wconf 87' lang='lat' dir='ltr'><strong><em>vita</em></strong></span> <span class='ocrx_word' id='word_1_69' title='bbox 1129 2401 1246 2438; x_wconf 90' lang='lat' dir='ltr'><strong><em>non</em></strong></span> <span class='ocrx_word' id='word_1_70' title='bbox 1290 2401 1419 2438; x_wconf 86' lang='lat' dir='ltr'><strong><em>raro</em></strong></span> <span class='ocrx_word' id='word_1_71' title='bbox 1464 2382 1734 2438; x_wconf 88' lang='lat' dir='ltr'><strong><em>novimus</em></strong></span> <span class='ocrx_word' id='word_1_72' title='bbox 1777 2401 1888 2438; x_wconf 88' lang='lat' dir='ltr'><strong><em>usu</em></strong></span> 
     </span>
     <span class='ocr_line' id='line_1_10' title="bbox 151 2382 1885 2552; baseline 0.001 -20"><span class='ocrx_word' id='word_1_73' title='bbox 151 2382 287 2550; x_wconf 67' lang='lat' dir='ltr'><strong>Q</strong></span> <span class='ocrx_word' id='word_1_74' title='bbox 332 2478 571 2544; x_wconf 86' lang='lat' dir='ltr'><strong><em>venisse,</em></strong></span> <span class='ocrx_word' id='word_1_75' title='bbox 590 2497 803 2552; x_wconf 82' lang='lat' dir='ltr'><strong><em>nempe</em></strong></span> <span class='ocrx_word' id='word_1_76' title='bbox 833 2484 901 2533; x_wconf 91' lang='lat' dir='ltr'><strong><em>ut</em></strong></span> <span class='ocrx_word' id='word_1_77' title='bbox 927 2478 1144 2534; x_wconf 88' lang='lat' dir='ltr'><strong><em>mutari</em></strong></span> <span class='ocrx_word' id='word_1_78' title='bbox 1168 2477 1410 2534; x_wconf 78' lang='lat' dir='ltr'><strong><em>deberet</em></strong></span> <span class='ocrx_word' id='word_1_79' title='bbox 1441 2478 1637 2552; x_wconf 86' lang='lat' dir='ltr'><strong><em>opinio</em></strong></span> <span class='ocrx_word' id='word_1_80' title='bbox 1662 2476 1754 2532; x_wconf 87' lang='lat' dir='ltr'><strong><em>vel</em></strong></span> <span class='ocrx_word' id='word_1_81' title='bbox 1786 2478 1885 2533; x_wconf 92' lang='lat' dir='ltr'><strong><em>diu</em></strong></span> 
     </span>
     <span class='ocr_line' id='line_1_11' title="bbox 139 2573 1888 2648; baseline 0 -18"><span class='ocrx_word' id='word_1_82' title='bbox 139 2574 332 2631; x_wconf 80' lang='lat' dir='ltr'><strong><em>inusta</em></strong></span> <span class='ocrx_word' id='word_1_83' title='bbox 374 2574 447 2630; x_wconf 90' lang='lat' dir='ltr'><strong><em>de</em></strong></span> <span class='ocrx_word' id='word_1_84' title='bbox 490 2574 602 2631; x_wconf 86' lang='lat' dir='ltr'><strong><em>hoe</em></strong></span> <span class='ocrx_word' id='word_1_85' title='bbox 643 2574 732 2630; x_wconf 89' lang='lat' dir='ltr'><strong><em>vel</em></strong></span> <span class='ocrx_word' id='word_1_86' title='bbox 776 2573 878 2630; x_wconf 90' lang='lat' dir='ltr'><strong><em>illo</em></strong></span> <span class='ocrx_word' id='word_1_87' title='bbox 921 2574 1178 2642; x_wconf 89' lang='lat' dir='ltr'><strong><em>homine,</em></strong></span> <span class='ocrx_word' id='word_1_88' title='bbox 1211 2593 1466 2648; x_wconf 83' lang='lat' dir='ltr'><strong><em>quocum</em></strong></span> <span class='ocrx_word' id='word_1_89' title='bbox 1507 2574 1687 2630; x_wconf 88' lang='lat' dir='ltr'><strong><em>etiam</em></strong></span> <span class='ocrx_word' id='word_1_90' title='bbox 1719 2573 1888 2630; x_wconf 86' lang='lat' dir='ltr'><strong><em>fami-</em></strong></span> 
     </span>
     <span class='ocr_line' id='line_1_12' title="bbox 139 2668 1886 2745; baseline -0.002 -18"><span class='ocrx_word' id='word_1_91' title='bbox 139 2669 359 2727; x_wconf 80' lang='lat' dir='ltr'><strong><em>liariter</em></strong></span> <span class='ocrx_word' id='word_1_92' title='bbox 387 2671 617 2736; x_wconf 83' lang='lat' dir='ltr'><strong><em>vixeris,</em></strong></span> <span class='ocrx_word' id='word_1_93' title='bbox 649 2677 973 2726; x_wconf 87' lang='lat' dir='ltr'><strong><em>monstrato</em></strong></span> <span class='ocrx_word' id='word_1_94' title='bbox 1005 2671 1243 2726; x_wconf 89' lang='lat' dir='ltr'><strong><em>demum</em></strong></span> <span class='ocrx_word' id='word_1_95' title='bbox 1274 2670 1416 2745; x_wconf 87' lang='lat' dir='ltr'><strong><em>quid</em></strong></span> <span class='ocrx_word' id='word_1_96' title='bbox 1451 2670 1561 2726; x_wconf 86' lang='lat' dir='ltr'><strong><em>sibi</em></strong></span> <span class='ocrx_word' id='word_1_97' title='bbox 1591 2668 1886 2726; x_wconf 88' lang='lat' dir='ltr'><strong><em>voluerint</em></strong></span> 
     </span>
     <span class='ocr_line' id='line_1_13' title="bbox 138 2766 1884 2842; baseline 0 -20"><span class='ocrx_word' id='word_1_98' title='bbox 138 2785 328 2823; x_wconf 88' lang='lat' dir='ltr'><strong><em>mores</em></strong></span> <span class='ocrx_word' id='word_1_99' title='bbox 371 2767 496 2841; x_wconf 84' lang='lat' dir='ltr'><strong><em>ejus</em></strong></span> <span class='ocrx_word' id='word_1_100' title='bbox 526 2773 589 2823; x_wconf 92' lang='lat' dir='ltr'><strong><em>et</em></strong></span> <span class='ocrx_word' id='word_1_101' title='bbox 619 2767 853 2823; x_wconf 88' lang='lat' dir='ltr'><strong><em>vivendi</em></strong></span> <span class='ocrx_word' id='word_1_102' title='bbox 885 2767 1050 2833; x_wconf 84' lang='lat' dir='ltr'><strong><em>ratiO,</em></strong></span> <span class='ocrx_word' id='word_1_103' title='bbox 1082 2786 1156 2822; x_wconf 88' lang='lat' dir='ltr'><strong><em>ex</em></strong></span> <span class='ocrx_word' id='word_1_104' title='bbox 1192 2785 1262 2823; x_wconf 89' lang='lat' dir='ltr'><strong><em>ea</em></strong></span> <span class='ocrx_word' id='word_1_105' title='bbox 1300 2774 1466 2842; x_wconf 86' lang='lat' dir='ltr'><strong><em>parte</em></strong></span> <span class='ocrx_word' id='word_1_106' title='bbox 1497 2786 1612 2841; x_wconf 90' lang='lat' dir='ltr'><strong><em>qua</em></strong></span> <span class='ocrx_word' id='word_1_107' title='bbox 1641 2766 1884 2823; x_wconf 87' lang='lat' dir='ltr'><strong><em>fortasse</em></strong></span> 
     </span>
     <span class='ocr_line' id='line_1_14' title="bbox 139 2862 1883 2937; baseline 0.001 -19"><span class='ocrx_word' id='word_1_108' title='bbox 139 2862 385 2919; x_wconf 84' lang='lat' dir='ltr'><strong><em>antehae</em></strong></span> <span class='ocrx_word' id='word_1_109' title='bbox 432 2862 526 2918; x_wconf 88' lang='lat' dir='ltr'><strong><em>vel</em></strong></span> <span class='ocrx_word' id='word_1_110' title='bbox 578 2862 776 2918; x_wconf 88' lang='lat' dir='ltr'><strong><em>durior</em></strong></span> <span class='ocrx_word' id='word_1_111' title='bbox 825 2862 920 2918; x_wconf 86' lang='lat' dir='ltr'><strong><em>vel</em></strong></span> <span class='ocrx_word' id='word_1_112' title='bbox 960 2862 1215 2937; x_wconf 80' lang='lat' dir='ltr'><strong><em>ineptior</em></strong></span> <span class='ocrx_word' id='word_1_113' title='bbox 1260 2862 1415 2919; x_wconf 90' lang='lat' dir='ltr'><strong><em>visus</em></strong></span> <span class='ocrx_word' id='word_1_114' title='bbox 1463 2863 1672 2918; x_wconf 86' lang='lat' dir='ltr'><strong><em>fuerit:</em></strong></span> <span class='ocrx_word' id='word_1_115' title='bbox 1726 2863 1786 2923; x_wconf 90' lang='lat' dir='ltr'><strong><em>id</em></strong></span> <span class='ocrx_word' id='word_1_116' title='bbox 1822 2863 1883 2919; x_wconf 90' lang='lat' dir='ltr'><strong><em>in</em></strong></span> 
     </span>
     <span class='ocr_line' id='line_1_15' title="bbox 137 2958 1883 3034; baseline 0 -19"><span class='ocrx_word' id='word_1_117' title='bbox 137 2978 199 3016; x_wconf 90' lang='lat' dir='ltr'><strong><em>re</em></strong></span> <span class='ocrx_word' id='word_1_118' title='bbox 228 2977 459 3034; x_wconf 90' lang='lat' dir='ltr'><strong><em>quoque</em></strong></span> <span class='ocrx_word' id='word_1_119' title='bbox 488 2959 720 3033; x_wconf 81' lang='lat' dir='ltr'><strong><em>poetica</em></strong></span> <span class='ocrx_word' id='word_1_120' title='bbox 750 2958 844 3014; x_wconf 87' lang='lat' dir='ltr'><strong><em>vel</em></strong></span> <span class='ocrx_word' id='word_1_121' title='bbox 875 2959 1087 3034; x_wconf 86' lang='lat' dir='ltr'><strong><em>saepius</em></strong></span> <span class='ocrx_word' id='word_1_122' title='bbox 1117 2958 1384 3015; x_wconf 90' lang='lat' dir='ltr'><strong><em>futurum</em></strong></span> <span class='ocrx_word' id='word_1_123' title='bbox 1419 2978 1595 3015; x_wconf 89' lang='lat' dir='ltr'><strong><em>nemo</em></strong></span> <span class='ocrx_word' id='word_1_124' title='bbox 1631 2977 1883 3034; x_wconf 85' lang='lat' dir='ltr'><strong><em>negave-</em></strong></span> 
     </span>
     <span class='ocr_line' id='line_1_16' title="bbox 137 3053 1881 3129; baseline 0.001 -19"><span class='ocrx_word' id='word_1_125' title='bbox 137 3053 228 3121; x_wconf 92' lang='lat' dir='ltr'><strong><em>rit,</em></strong></span> <span class='ocrx_word' id='word_1_126' title='bbox 258 3055 358 3129; x_wconf 92' lang='lat' dir='ltr'><strong><em>qui</em></strong></span> <span class='ocrx_word' id='word_1_127' title='bbox 402 3056 577 3111; x_wconf 91' lang='lat' dir='ltr'><strong><em>modo</em></strong></span> <span class='ocrx_word' id='word_1_128' title='bbox 620 3054 819 3129; x_wconf 88' lang='lat' dir='ltr'><strong><em>paullo</em></strong></span> <span class='ocrx_word' id='word_1_129' title='bbox 864 3055 1150 3112; x_wconf 86' lang='lat' dir='ltr'><strong><em>attentius</em></strong></span> <span class='ocrx_word' id='word_1_130' title='bbox 1181 3055 1496 3112; x_wconf 82' lang='lat' dir='ltr'><strong><em>Musarum</em></strong></span> <span class='ocrx_word' id='word_1_131' title='bbox 1527 3057 1881 3112; x_wconf 83' lang='lat' dir='ltr'><strong><em>commercio</em></strong></span> 
     </span>
     <span class='ocr_line' id='line_1_17' title="bbox 137 3149 1881 3218; baseline 0 -11"><span class='ocrx_word' id='word_1_132' title='bbox 137 3168 198 3207; x_wconf 85' lang='lat' dir='ltr'><strong><em>se</em></strong></span> <span class='ocrx_word' id='word_1_133' title='bbox 241 3150 483 3206; x_wconf 77' lang='lat' dir='ltr'><strong><em>dederit.</em></strong></span> <span class='ocrx_word' id='word_1_134' title='bbox 572 3149 829 3217; x_wconf 78' lang='lat' dir='ltr'><strong><em>Etenim,</em></strong></span> <span class='ocrx_word' id='word_1_135' title='bbox 873 3157 942 3206; x_wconf 91' lang='lat' dir='ltr'><strong><em>ut</em></strong></span> <span class='ocrx_word' id='word_1_136' title='bbox 981 3169 1184 3206; x_wconf 83' lang='lat' dir='ltr'><strong><em>verum</em></strong></span> <span class='ocrx_word' id='word_1_137' title='bbox 1228 3151 1433 3218; x_wconf 87' lang='lat' dir='ltr'><strong><em>fatear,</em></strong></span> <span class='ocrx_word' id='word_1_138' title='bbox 1477 3150 1749 3207; x_wconf 87' lang='lat' dir='ltr'><strong><em>subtilior</em></strong></span> <span class='ocrx_word' id='word_1_139' title='bbox 1791 3159 1881 3207; x_wconf 87' lang='lat' dir='ltr'><strong><em>est</em></strong></span> 
     </span>
     <span class='ocr_line' id='line_1_18' title="bbox 134 3246 1879 3321; baseline 0.001 -20"><span class='ocrx_word' id='word_1_140' title='bbox 134 3246 321 3302; x_wconf 90' lang='lat' dir='ltr'><strong><em>nodus</em></strong></span> <span class='ocrx_word' id='word_1_141' title='bbox 359 3246 432 3301; x_wconf 94' lang='lat' dir='ltr'><strong><em>de</em></strong></span> <span class='ocrx_word' id='word_1_142' title='bbox 474 3246 743 3302; x_wconf 87' lang='lat' dir='ltr'><strong><em>universa</em></strong></span> <span class='ocrx_word' id='word_1_143' title='bbox 773 3246 1026 3320; x_wconf 84' lang='lat' dir='ltr'><strong><em>cujusvis</em></strong></span> <span class='ocrx_word' id='word_1_144' title='bbox 1056 3247 1381 3304; x_wconf 81' lang='lat' dir='ltr'><strong><em>carminum</em></strong></span> <span class='ocrx_word' id='word_1_145' title='bbox 1425 3247 1668 3313; x_wconf 89' lang='lat' dir='ltr'><strong><em>ratione,</em></strong></span> <span class='ocrx_word' id='word_1_146' title='bbox 1702 3266 1879 3321; x_wconf 85' lang='lat' dir='ltr'><strong><em>quam</em></strong></span> 
     </span>
     <span class='ocr_line' id='line_1_19' title="bbox 135 3341 1879 3418; baseline 0.002 -22"><span class='ocrx_word' id='word_1_147' title='bbox 135 3341 234 3415; x_wconf 89' lang='lat' dir='ltr'><strong><em>qui</em></strong></span> <span class='ocrx_word' id='word_1_148' title='bbox 277 3354 437 3398; x_wconf 83' lang='lat' dir='ltr'><strong><em>certo</em></strong></span> <span class='ocrx_word' id='word_1_149' title='bbox 476 3341 621 3398; x_wconf 89' lang='lat' dir='ltr'><strong><em>solvi</em></strong></span> <span class='ocrx_word' id='word_1_150' title='bbox 664 3343 881 3416; x_wconf 87' lang='lat' dir='ltr'><strong><em>possit:</em></strong></span> <span class='ocrx_word' id='word_1_151' title='bbox 938 3342 1101 3399; x_wconf 84' lang='lat' dir='ltr'><strong><em>locus</em></strong></span> <span class='ocrx_word' id='word_1_152' title='bbox 1145 3343 1256 3398; x_wconf 91' lang='lat' dir='ltr'><strong><em>erit</em></strong></span> <span class='ocrx_word' id='word_1_153' title='bbox 1303 3362 1534 3418; x_wconf 84' lang='lat' dir='ltr'><strong><em>semper</em></strong></span> <span class='ocrx_word' id='word_1_154' title='bbox 1576 3342 1879 3418; x_wconf 87' lang='lat' dir='ltr'><strong><em>probabile</em></strong></span> 
     </span>
     <span class='ocr_line' id='line_1_20' title="bbox 133 3435 1881 3513; baseline 0.001 -21"><span class='ocrx_word' id='word_1_155' title='bbox 133 3435 350 3511; x_wconf 88' lang='lat' dir='ltr'><strong><em>aliquid</em></strong></span> <span class='ocrx_word' id='word_1_156' title='bbox 384 3437 780 3495; x_wconf 80' lang='lat' dir='ltr'><strong><em>afferentibus,</em></strong></span> <span class='ocrx_word' id='word_1_157' title='bbox 868 3436 1073 3513; x_wconf 90' lang='lat' dir='ltr'><strong><em>Atque</em></strong></span> <span class='ocrx_word' id='word_1_158' title='bbox 1102 3438 1163 3494; x_wconf 92' lang='lat' dir='ltr'><strong><em>in</em></strong></span> <span class='ocrx_word' id='word_1_159' title='bbox 1194 3438 1303 3496; x_wconf 85' lang='lat' dir='ltr'><strong><em>hae</em></strong></span> <span class='ocrx_word' id='word_1_160' title='bbox 1332 3458 1414 3506; x_wconf 86' lang='lat' dir='ltr'><strong><em>re,</em></strong></span> <span class='ocrx_word' id='word_1_161' title='bbox 1445 3440 1597 3496; x_wconf 82' lang='lat' dir='ltr'><strong><em>sicut</em></strong></span> <span class='ocrx_word' id='word_1_162' title='bbox 1626 3439 1689 3494; x_wconf 92' lang='lat' dir='ltr'><strong><em>in</em></strong></span> <span class='ocrx_word' id='word_1_163' title='bbox 1727 3437 1881 3494; x_wconf 91' lang='lat' dir='ltr'><strong><em>mul-</em></strong></span> 
     </span>
     <span class='ocr_line' id='line_1_21' title="bbox 133 3530 1878 3608; baseline 0.002 -22"><span class='ocrx_word' id='word_1_164' title='bbox 133 3530 209 3587; x_wconf 90' lang='lat' dir='ltr'><strong><em>tis</em></strong></span> <span class='ocrx_word' id='word_1_165' title='bbox 237 3531 381 3600; x_wconf 88' lang='lat' dir='ltr'><strong><em>aliis,</em></strong></span> <span class='ocrx_word' id='word_1_166' title='bbox 414 3540 532 3589; x_wconf 84' lang='lat' dir='ltr'><strong><em>“ut</em></strong></span> <span class='ocrx_word' id='word_1_167' title='bbox 572 3534 802 3608; x_wconf 76' lang='lat' dir='ltr'><strong><em>pictura</em></strong></span> <span class='ocrx_word' id='word_1_168' title='bbox 843 3534 1034 3608; x_wconf 88' lang='lat' dir='ltr'><strong><em>poesis</em></strong></span> <span class='ocrx_word' id='word_1_169' title='bbox 1070 3534 1234 3590; x_wconf 90' lang='lat' dir='ltr'><strong><em>erit.&#39;&#39;</em></strong></span> <span class='ocrx_word' id='word_1_170' title='bbox 1321 3535 1570 3603; x_wconf 82' lang='lat' dir='ltr'><strong><em>Quoties</em></strong></span> <span class='ocrx_word' id='word_1_171' title='bbox 1600 3531 1878 3591; x_wconf 83' lang='lat' dir='ltr'><strong><em>videlieet</em></strong></span> 
     </span>
    </p>
   </div>
  </div>
 </body>
</html>
