<?xml version="1.0" encoding="UTF-8"?>
<!DOCTYPE html PUBLIC "-//W3C//DTD XHTML 1.0 Transitional//EN"
    "http://www.w3.org/TR/xhtml1/DTD/xhtml1-transitional.dtd">
<html xmlns="http://www.w3.org/1999/xhtml" xml:lang="en" lang="en">
 <head>
  <title>
</title>
<meta http-equiv="Content-Type" content="text/html;charset=utf-8" />
  <meta name='ocr-system' content='tesseract 3.04.00' />
  <meta name='ocr-capabilities' content='ocr_page ocr_carea ocr_par ocr_line ocrx_word'/>
</head>
<body>
  <div class='ocr_page' id='page_1' title='image "./a588873902kebluoft_0278.png"; bbox 0 0 2288 4036; ppageno 0'>
   <div class='ocr_carea' id='block_1_1' title="bbox 318 177 2115 253">
    <p class='ocr_par' dir='ltr' id='par_1_1' title="bbox 318 177 2115 253">
     <span class='ocr_line' id='line_1_1' title="bbox 318 177 2115 253; baseline 0.004 -20"><span class='ocrx_word' id='word_1_1' title='bbox 318 177 430 233; x_wconf 87' lang='lat'>656</span> <span class='ocrx_word' id='word_1_2' title='bbox 594 180 900 234; x_wconf 75' lang='lat' dir='ltr'>Lucretium</span> <span class='ocrx_word' id='word_1_3' title='bbox 927 180 1264 253; x_wconf 77' lang='lat' dir='ltr'>rapidissimo</span> <span class='ocrx_word' id='word_1_4' title='bbox 1290 189 1426 236; x_wconf 77' lang='lat' dir='ltr'>motu</span> <span class='ocrx_word' id='word_1_5' title='bbox 1452 181 1708 238; x_wconf 74' lang='lat' dir='ltr'>delectari.</span> <span class='ocrx_word' id='word_1_6' title='bbox 1765 204 1925 240; x_wconf 81' lang='lat' dir='ltr'>PRAEL.</span> <span class='ocrx_word' id='word_1_7' title='bbox 1948 205 2115 241; x_wconf 80' lang='lat' dir='ltr'>xxxu.</span> 
     </span>
    </p>
   </div>
   <div class='ocr_carea' id='block_1_2' title="bbox 317 326 2120 704">
    <p class='ocr_par' dir='ltr' id='par_1_2' title="bbox 317 326 2120 704">
     <span class='ocr_line' id='line_1_2' title="bbox 405 326 2118 407; baseline 0.003 -21"><span class='ocrx_word' id='word_1_8' title='bbox 405 327 519 387; x_wconf 86' lang='lat' dir='ltr'>Est</span> <span class='ocrx_word' id='word_1_9' title='bbox 549 328 735 387; x_wconf 87' lang='lat' dir='ltr'>etiam</span> <span class='ocrx_word' id='word_1_10' title='bbox 767 327 928 406; x_wconf 93' lang='lat' dir='ltr'>quod</span> <span class='ocrx_word' id='word_1_11' title='bbox 964 326 1132 387; x_wconf 91' lang='lat' dir='ltr'>miris</span> <span class='ocrx_word' id='word_1_12' title='bbox 1179 330 1373 388; x_wconf 89' lang='lat' dir='ltr'>modis</span> <span class='ocrx_word' id='word_1_13' title='bbox 1418 329 1615 407; x_wconf 88' lang='lat' dir='ltr'>capiat</span> <span class='ocrx_word' id='word_1_14' title='bbox 1660 331 1927 390; x_wconf 88' lang='lat' dir='ltr'>animum</span> <span class='ocrx_word' id='word_1_15' title='bbox 1961 339 2025 391; x_wconf 91' lang='lat' dir='ltr'>et</span> <span class='ocrx_word' id='word_1_16' title='bbox 2056 334 2118 391; x_wconf 91' lang='lat' dir='ltr'>in</span> 
     </span>
     <span class='ocr_line' id='line_1_3' title="bbox 319 427 2120 509; baseline 0.002 -23"><span class='ocrx_word' id='word_1_17' title='bbox 319 427 577 487; x_wconf 89' lang='lat' dir='ltr'>sublime</span> <span class='ocrx_word' id='word_1_18' title='bbox 608 427 818 505; x_wconf 87' lang='lat' dir='ltr'>erigat,</span> <span class='ocrx_word' id='word_1_19' title='bbox 848 427 954 485; x_wconf 88' lang='lat' dir='ltr'>ubi</span> <span class='ocrx_word' id='word_1_20' title='bbox 986 427 1061 485; x_wconf 92' lang='lat' dir='ltr'>de</span> <span class='ocrx_word' id='word_1_21' title='bbox 1102 427 1396 488; x_wconf 83' lang='lat' dir='ltr'>sideribus</span> <span class='ocrx_word' id='word_1_22' title='bbox 1427 437 1715 507; x_wconf 81' lang='lat' dir='ltr'><strong>tanquam</strong></span> <span class='ocrx_word' id='word_1_23' title='bbox 1747 450 1883 489; x_wconf 87' lang='lat' dir='ltr'>aere</span> <span class='ocrx_word' id='word_1_24' title='bbox 1914 432 2120 509; x_wconf 90' lang='lat' dir='ltr'>palan-</span> 
     </span>
     <span class='ocr_line' id='line_1_4' title="bbox 317 526 2118 608; baseline 0.002 -22"><span class='ocrx_word' id='word_1_25' title='bbox 317 528 481 586; x_wconf 87' lang='lat' dir='ltr'>tibus</span> <span class='ocrx_word' id='word_1_26' title='bbox 521 528 757 585; x_wconf 90' lang='lat' dir='ltr'>diversa</span> <span class='ocrx_word' id='word_1_27' title='bbox 800 526 929 585; x_wconf 80' lang='lat' dir='ltr'>haee</span> <span class='ocrx_word' id='word_1_28' title='bbox 961 527 1131 604; x_wconf 85' lang='lat' dir='ltr'><strong>quasi</strong></span> <span class='ocrx_word' id='word_1_29' title='bbox 1171 529 1453 606; x_wconf 79' lang='lat' dir='ltr'>proponit</span> <span class='ocrx_word' id='word_1_30' title='bbox 1487 529 1773 608; x_wconf 84' lang='lat' dir='ltr'>auguria3</span> <span class='ocrx_word' id='word_1_31' title='bbox 1818 531 2118 608; x_wconf 88' lang='lat' dir='ltr'>proferam</span> 
     </span>
     <span class='ocr_line' id='line_1_5' title="bbox 318 622 1117 704; baseline -0.001 -19"><span class='ocrx_word' id='word_1_32' title='bbox 318 627 479 685; x_wconf 91' lang='lat' dir='ltr'>enim</span> <span class='ocrx_word' id='word_1_33' title='bbox 509 645 705 704; x_wconf 89' lang='lat' dir='ltr'>pauca</span> <span class='ocrx_word' id='word_1_34' title='bbox 736 626 811 684; x_wconf 93' lang='lat' dir='ltr'>de</span> <span class='ocrx_word' id='word_1_35' title='bbox 841 625 1052 685; x_wconf 90' lang='lat' dir='ltr'>multis</span> <span class='ocrx_word' id='word_1_36' title='bbox 1071 622 1117 684; x_wconf 72' lang='lat'>¹¹.</span> 
     </span>
    </p>
   </div>
   <div class='ocr_carea' id='block_1_3' title="bbox 559 734 1825 1389">
    <p class='ocr_par' dir='ltr' id='par_1_3' title="bbox 559 734 1825 1389">
     <span class='ocr_line' id='line_1_6' title="bbox 560 734 1825 796; baseline 0.004 -17"><span class='ocrx_word' id='word_1_37' title='bbox 560 734 646 779; x_wconf 88' lang='lat' dir='ltr'>Est</span> <span class='ocrx_word' id='word_1_38' title='bbox 667 735 804 780; x_wconf 89' lang='lat' dir='ltr'>etiam</span> <span class='ocrx_word' id='word_1_39' title='bbox 826 750 1023 796; x_wconf 88' lang='lat' dir='ltr'>quoque,</span> <span class='ocrx_word' id='word_1_40' title='bbox 1046 736 1115 780; x_wconf 86' lang='lat' dir='ltr'>uti</span> <span class='ocrx_word' id='word_1_41' title='bbox 1136 736 1282 794; x_wconf 83' lang='lat' dir='ltr'>possit</span> <span class='ocrx_word' id='word_1_42' title='bbox 1304 737 1468 781; x_wconf 87' lang='lat' dir='ltr'>caelum</span> <span class='ocrx_word' id='word_1_43' title='bbox 1489 752 1624 782; x_wconf 85' lang='lat' dir='ltr'>omne</span> <span class='ocrx_word' id='word_1_44' title='bbox 1645 754 1825 784; x_wconf 87' lang='lat' dir='ltr'>manere</span> 
     </span>
     <span class='ocr_line' id='line_1_7' title="bbox 561 806 1719 869; baseline 0.004 -17"><span class='ocrx_word' id='word_1_45' title='bbox 561 806 618 852; x_wconf 90' lang='lat' dir='ltr'>In</span> <span class='ocrx_word' id='word_1_46' title='bbox 641 808 849 861; x_wconf 88' lang='lat' dir='ltr'>statione,</span> <span class='ocrx_word' id='word_1_47' title='bbox 871 815 1026 854; x_wconf 90' lang='lat' dir='ltr'>tamen</span> <span class='ocrx_word' id='word_1_48' title='bbox 1048 824 1155 854; x_wconf 88' lang='lat' dir='ltr'>cum</span> <span class='ocrx_word' id='word_1_49' title='bbox 1176 809 1329 855; x_wconf 85' lang='lat' dir='ltr'>lucida</span> <span class='ocrx_word' id='word_1_50' title='bbox 1350 810 1481 869; x_wconf 87' lang='lat' dir='ltr'>signa</span> <span class='ocrx_word' id='word_1_51' title='bbox 1502 811 1719 858; x_wconf 89' lang='lat' dir='ltr'>ferantur.</span> 
     </span>
     <span class='ocr_line' id='line_1_8' title="bbox 562 879 1704 940; baseline 0.004 -16"><span class='ocrx_word' id='word_1_52' title='bbox 562 879 667 925; x_wconf 89' lang='lat' dir='ltr'>Sive</span> <span class='ocrx_word' id='word_1_53' title='bbox 690 879 816 939; x_wconf 93' lang='lat' dir='ltr'>quod</span> <span class='ocrx_word' id='word_1_54' title='bbox 835 880 1003 926; x_wconf 90' lang='lat' dir='ltr'>inclusi</span> <span class='ocrx_word' id='word_1_55' title='bbox 1023 881 1169 940; x_wconf 87' lang='lat' dir='ltr'>rapidi</span> <span class='ocrx_word' id='word_1_56' title='bbox 1191 889 1299 927; x_wconf 91' lang='lat' dir='ltr'>sunt</span> <span class='ocrx_word' id='word_1_57' title='bbox 1322 883 1527 928; x_wconf 85' lang='lat' dir='ltr'>AEtheris</span> <span class='ocrx_word' id='word_1_58' title='bbox 1549 891 1704 938; x_wconf 87' lang='lat' dir='ltr'>aestus,</span> 
     </span>
     <span class='ocr_line' id='line_1_9' title="bbox 561 952 1732 1017; baseline 0.002 -16"><span class='ocrx_word' id='word_1_59' title='bbox 561 952 923 1014; x_wconf 77' lang='lat' dir='ltr'>Quaerentesque</span> <span class='ocrx_word' id='word_1_60' title='bbox 943 955 1066 1000; x_wconf 87' lang='lat' dir='ltr'>viam</span> <span class='ocrx_word' id='word_1_61' title='bbox 1087 956 1515 1011; x_wconf 87' lang='lat' dir='ltr'>circumversantur‚</span> <span class='ocrx_word' id='word_1_62' title='bbox 1539 965 1582 1002; x_wconf 87' lang='lat' dir='ltr'>et</span> <span class='ocrx_word' id='word_1_63' title='bbox 1603 958 1732 1017; x_wconf 85' lang='lat' dir='ltr'>ignes</span> 
     </span>
     <span class='ocr_line' id='line_1_10' title="bbox 560 1027 1697 1091; baseline 0.004 -19"><span class='ocrx_word' id='word_1_64' title='bbox 560 1027 740 1073; x_wconf 89' lang='lat' dir='ltr'>Passim</span> <span class='ocrx_word' id='word_1_65' title='bbox 760 1044 841 1087; x_wconf 91' lang='lat' dir='ltr'>per</span> <span class='ocrx_word' id='word_1_66' title='bbox 863 1028 960 1074; x_wconf 83' lang='lat' dir='ltr'>caeli</span> <span class='ocrx_word' id='word_1_67' title='bbox 982 1030 1174 1075; x_wconf 89' lang='lat' dir='ltr'>volvunt</span> <span class='ocrx_word' id='word_1_68' title='bbox 1196 1045 1244 1075; x_wconf 90' lang='lat' dir='ltr'>se</span> <span class='ocrx_word' id='word_1_69' title='bbox 1264 1030 1482 1075; x_wconf 88' lang='lat' dir='ltr'>immania</span> <span class='ocrx_word' id='word_1_70' title='bbox 1502 1033 1697 1091; x_wconf 81' lang='lat' dir='ltr'>temp1a3</span> 
     </span>
     <span class='ocr_line' id='line_1_11' title="bbox 562 1101 1670 1151; baseline 0.004 -4"><span class='ocrx_word' id='word_1_71' title='bbox 562 1101 667 1147; x_wconf 87' lang='lat' dir='ltr'>Sive</span> <span class='ocrx_word' id='word_1_72' title='bbox 688 1102 870 1148; x_wconf 86' lang='lat' dir='ltr'>aliunde</span> <span class='ocrx_word' id='word_1_73' title='bbox 892 1103 1038 1148; x_wconf 91' lang='lat' dir='ltr'>fluens</span> <span class='ocrx_word' id='word_1_74' title='bbox 1061 1103 1271 1149; x_wconf 86' lang='lat' dir='ltr'>alicunde</span> <span class='ocrx_word' id='word_1_75' title='bbox 1292 1105 1572 1151; x_wconf 86' lang='lat' dir='ltr'>extrinsecus</span> <span class='ocrx_word' id='word_1_76' title='bbox 1594 1108 1670 1151; x_wconf 82' lang='lat' dir='ltr'>a‘er</span> 
     </span>
     <span class='ocr_line' id='line_1_12' title="bbox 559 1177 1735 1239; baseline 0.003 -17"><span class='ocrx_word' id='word_1_77' title='bbox 559 1177 724 1223; x_wconf 85' lang='lat' dir='ltr'>Versat</span> <span class='ocrx_word' id='word_1_78' title='bbox 745 1193 885 1237; x_wconf 88' lang='lat' dir='ltr'>agens</span> <span class='ocrx_word' id='word_1_79' title='bbox 907 1179 1066 1238; x_wconf 82' lang='lat' dir='ltr'>ignes3</span> <span class='ocrx_word' id='word_1_80' title='bbox 1101 1179 1195 1224; x_wconf 88' lang='lat' dir='ltr'>sive</span> <span class='ocrx_word' id='word_1_81' title='bbox 1216 1179 1304 1238; x_wconf 85' lang='lat' dir='ltr'>ipsi</span> <span class='ocrx_word' id='word_1_82' title='bbox 1327 1194 1504 1239; x_wconf 84' lang='lat' dir='ltr'>serpere</span> <span class='ocrx_word' id='word_1_83' title='bbox 1525 1188 1735 1238; x_wconf 75' lang='lat' dir='ltr'>possunt,</span> 
     </span>
     <span class='ocr_line' id='line_1_13' title="bbox 559 1252 1770 1314; baseline 0.002 -17"><span class='ocrx_word' id='word_1_84' title='bbox 559 1252 670 1302; x_wconf 76' lang='lat' dir='ltr'>Quo</span> <span class='ocrx_word' id='word_1_85' title='bbox 693 1253 915 1313; x_wconf 89' lang='lat' dir='ltr'>cujusque</span> <span class='ocrx_word' id='word_1_86' title='bbox 936 1253 1066 1299; x_wconf 89' lang='lat' dir='ltr'>cibus</span> <span class='ocrx_word' id='word_1_87' title='bbox 1087 1261 1234 1306; x_wconf 87' lang='lat' dir='ltr'>vocat,</span> <span class='ocrx_word' id='word_1_88' title='bbox 1258 1261 1393 1314; x_wconf 89' lang='lat' dir='ltr'>atque</span> <span class='ocrx_word' id='word_1_89' title='bbox 1413 1255 1575 1300; x_wconf 88' lang='lat' dir='ltr'>invitat</span> <span class='ocrx_word' id='word_1_90' title='bbox 1597 1262 1770 1308; x_wconf 77' lang='lat' dir='ltr'>eunteS,</span> 
     </span>
     <span class='ocr_line' id='line_1_14' title="bbox 560 1326 1754 1389; baseline 0.002 -17"><span class='ocrx_word' id='word_1_91' title='bbox 560 1326 792 1373; x_wconf 89' lang='lat' dir='ltr'>Flammea</span> <span class='ocrx_word' id='word_1_92' title='bbox 812 1343 893 1387; x_wconf 89' lang='lat' dir='ltr'>per</span> <span class='ocrx_word' id='word_1_93' title='bbox 914 1329 1077 1375; x_wconf 88' lang='lat' dir='ltr'>caelum</span> <span class='ocrx_word' id='word_1_94' title='bbox 1099 1336 1335 1388; x_wconf 83' lang='lat' dir='ltr'>parcentes</span> <span class='ocrx_word' id='word_1_95' title='bbox 1358 1344 1548 1389; x_wconf 87' lang='lat' dir='ltr'>corpora</span> <span class='ocrx_word' id='word_1_96' title='bbox 1567 1329 1754 1389; x_wconf 89' lang='lat' dir='ltr'>passim.</span> 
     </span>
    </p>
   </div>
   <div class='ocr_carea' id='block_1_4' title="bbox 315 1424 2127 2683">
    <p class='ocr_par' dir='ltr' id='par_1_4' title="bbox 315 1424 2124 1883">
     <span class='ocr_line' id='line_1_15' title="bbox 317 1424 2124 1504; baseline 0.001 -20"><span class='ocrx_word' id='word_1_97' title='bbox 317 1424 434 1484; x_wconf 83' lang='lat' dir='ltr'>Cui</span> <span class='ocrx_word' id='word_1_98' title='bbox 486 1445 609 1484; x_wconf 93' lang='lat' dir='ltr'>non</span> <span class='ocrx_word' id='word_1_99' title='bbox 661 1427 888 1485; x_wconf 85' lang='lat' dir='ltr'>eximia</span> <span class='ocrx_word' id='word_1_100' title='bbox 942 1426 1220 1485; x_wconf 88' lang='lat' dir='ltr'>videatur</span> <span class='ocrx_word' id='word_1_101' title='bbox 1271 1426 1500 1504; x_wconf 87' lang='lat' dir='ltr'>species</span> <span class='ocrx_word' id='word_1_102' title='bbox 1551 1425 1656 1483; x_wconf 90' lang='lat' dir='ltr'>illa</span> <span class='ocrx_word' id='word_1_103' title='bbox 1707 1424 1872 1502; x_wconf 89' lang='lat' dir='ltr'>quasi</span> <span class='ocrx_word' id='word_1_104' title='bbox 1926 1425 2124 1503; x_wconf 84' lang='lat' dir='ltr'>gregis</span> 
     </span>
     <span class='ocr_line' id='line_1_16' title="bbox 316 1523 2123 1604; baseline 0 -22"><span class='ocrx_word' id='word_1_105' title='bbox 316 1524 607 1584; x_wconf 88' lang='lat' dir='ltr'>latissime</span> <span class='ocrx_word' id='word_1_106' title='bbox 646 1526 896 1603; x_wconf 89' lang='lat' dir='ltr'>dispersi</span> <span class='ocrx_word' id='word_1_107' title='bbox 942 1546 1049 1604; x_wconf 93' lang='lat' dir='ltr'>per</span> <span class='ocrx_word' id='word_1_108' title='bbox 1091 1527 1460 1584; x_wconf 89' lang='lat' dir='ltr'>immensum</span> <span class='ocrx_word' id='word_1_109' title='bbox 1490 1525 1758 1584; x_wconf 88' lang='lat' dir='ltr'>AEtheris</span> <span class='ocrx_word' id='word_1_110' title='bbox 1800 1523 2123 1602; x_wconf 71' lang='lat' dir='ltr'>campum?</span> 
     </span>
     <span class='ocr_line' id='line_1_17' title="bbox 315 1624 2123 1702; baseline -0.001 -19"><span class='ocrx_word' id='word_1_111' title='bbox 315 1625 650 1702; x_wconf 84' lang='lat' dir='ltr'>praesertim</span> <span class='ocrx_word' id='word_1_112' title='bbox 674 1626 722 1683; x_wconf 90' lang='lat' dir='ltr'>si</span> <span class='ocrx_word' id='word_1_113' title='bbox 746 1625 966 1702; x_wconf 93' lang='lat' dir='ltr'>quibus</span> <span class='ocrx_word' id='word_1_114' title='bbox 996 1624 1160 1683; x_wconf 91' lang='lat' dir='ltr'>idem</span> <span class='ocrx_word' id='word_1_115' title='bbox 1191 1624 1371 1694; x_wconf 86' lang='lat' dir='ltr'>ultro,</span> <span class='ocrx_word' id='word_1_116' title='bbox 1396 1624 1612 1702; x_wconf 90' lang='lat' dir='ltr'>puerili</span> <span class='ocrx_word' id='word_1_117' title='bbox 1643 1625 1896 1683; x_wconf 86' lang='lat' dir='ltr'>fortasse</span> <span class='ocrx_word' id='word_1_118' title='bbox 1927 1629 2123 1692; x_wconf 81' lang='lat' dir='ltr'>aetate,</span> 
     </span>
     <span class='ocr_line' id='line_1_18' title="bbox 316 1720 2124 1800; baseline -0.002 -19"><span class='ocrx_word' id='word_1_119' title='bbox 316 1723 379 1781; x_wconf 90' lang='lat' dir='ltr'>in</span> <span class='ocrx_word' id='word_1_120' title='bbox 423 1729 698 1782; x_wconf 81' lang='lat' dir='ltr'>mentem</span> <span class='ocrx_word' id='word_1_121' title='bbox 744 1724 1013 1782; x_wconf 82' lang='lat' dir='ltr'>venerit:</span> <span class='ocrx_word' id='word_1_122' title='bbox 1061 1723 1122 1781; x_wconf 95' lang='lat' dir='ltr'>id</span> <span class='ocrx_word' id='word_1_123' title='bbox 1170 1722 1330 1800; x_wconf 92' lang='lat' dir='ltr'>quod</span> <span class='ocrx_word' id='word_1_124' title='bbox 1380 1722 1536 1780; x_wconf 92' lang='lat' dir='ltr'>bene</span> <span class='ocrx_word' id='word_1_125' title='bbox 1584 1721 1794 1779; x_wconf 91' lang='lat' dir='ltr'>multis</span> <span class='ocrx_word' id='word_1_126' title='bbox 1839 1720 2124 1779; x_wconf 86' lang='lat' dir='ltr'>accidisse</span> 
     </span>
     <span class='ocr_line' id='line_1_19' title="bbox 318 1824 697 1883; baseline -0.003 0"><span class='ocrx_word' id='word_1_127' title='bbox 318 1824 697 1883; x_wconf 81' lang='lat' dir='ltr'>crediderim.</span> 
     </span>
    </p>

    <p class='ocr_par' dir='ltr' id='par_1_5' title="bbox 316 1921 2127 2683">
     <span class='ocr_line' id='line_1_20' title="bbox 401 1921 2125 2003; baseline -0.003 -20"><span class='ocrx_word' id='word_1_128' title='bbox 401 1923 688 2002; x_wconf 91' lang='lat' dir='ltr'>Denique</span> <span class='ocrx_word' id='word_1_129' title='bbox 717 1944 840 1983; x_wconf 94' lang='lat' dir='ltr'>non</span> <span class='ocrx_word' id='word_1_130' title='bbox 886 1924 1105 1984; x_wconf 91' lang='lat' dir='ltr'>leviter</span> <span class='ocrx_word' id='word_1_131' title='bbox 1135 1924 1344 2003; x_wconf 84' lang='lat' dir='ltr'>arrigit</span> <span class='ocrx_word' id='word_1_132' title='bbox 1375 1944 1439 1983; x_wconf 90' lang='lat' dir='ltr'>se</span> <span class='ocrx_word' id='word_1_133' title='bbox 1465 1923 1806 1992; x_wconf 77' lang='lat' dir='ltr'>LucretiUS,</span> <span class='ocrx_word' id='word_1_134' title='bbox 1832 1921 2125 1998; x_wconf 82' lang='lat' dir='ltr'>laetusque</span> 
     </span>
     <span class='ocr_line' id='line_1_21' title="bbox 316 2019 2126 2102; baseline -0.003 -18"><span class='ocrx_word' id='word_1_135' title='bbox 316 2044 387 2084; x_wconf 86' lang='lat' dir='ltr'>ac</span> <span class='ocrx_word' id='word_1_136' title='bbox 428 2023 644 2083; x_wconf 87' lang='lat' dir='ltr'>lubens</span> <span class='ocrx_word' id='word_1_137' title='bbox 686 2044 763 2083; x_wconf 87' lang='lat' dir='ltr'>ex</span> <span class='ocrx_word' id='word_1_138' title='bbox 806 2044 869 2083; x_wconf 91' lang='lat' dir='ltr'>se</span> <span class='ocrx_word' id='word_1_139' title='bbox 900 2025 1347 2102; x_wconf 89' lang='lat' dir='ltr'>quodammodo</span> <span class='ocrx_word' id='word_1_140' title='bbox 1394 2025 1662 2102; x_wconf 88' lang='lat' dir='ltr'>eripitur,</span> <span class='ocrx_word' id='word_1_141' title='bbox 1696 2022 1933 2099; x_wconf 89' lang='lat' dir='ltr'>quoties</span> <span class='ocrx_word' id='word_1_142' title='bbox 1964 2019 2126 2079; x_wconf 88' lang='lat' dir='ltr'>velo-</span> 
     </span>
     <span class='ocr_line' id='line_1_22' title="bbox 317 2121 2127 2199; baseline -0.003 -15"><span class='ocrx_word' id='word_1_143' title='bbox 317 2124 541 2184; x_wconf 89' lang='lat' dir='ltr'>cissimi</span> <span class='ocrx_word' id='word_1_144' title='bbox 586 2131 790 2183; x_wconf 80' lang='lat' dir='ltr'>motus</span> <span class='ocrx_word' id='word_1_145' title='bbox 843 2123 999 2183; x_wconf 84' lang='lat' dir='ltr'>forte</span> <span class='ocrx_word' id='word_1_146' title='bbox 1052 2124 1267 2183; x_wconf 77' lang='lat' dir='ltr'>incidit</span> <span class='ocrx_word' id='word_1_147' title='bbox 1315 2124 1566 2183; x_wconf 80' lang='lat' dir='ltr'>mentio,</span> <span class='ocrx_word' id='word_1_148' title='bbox 1675 2122 1894 2199; x_wconf 89' lang='lat' dir='ltr'>Itaque</span> <span class='ocrx_word' id='word_1_149' title='bbox 1946 2121 2127 2179; x_wconf 90' lang='lat' dir='ltr'>tertia</span> 
     </span>
     <span class='ocr_line' id='line_1_23' title="bbox 316 2220 2125 2302; baseline -0.003 -19"><span class='ocrx_word' id='word_1_150' title='bbox 316 2224 421 2283; x_wconf 89' lang='lat' dir='ltr'>illa</span> <span class='ocrx_word' id='word_1_151' title='bbox 465 2225 697 2302; x_wconf 86' lang='lat' dir='ltr'>species</span> <span class='ocrx_word' id='word_1_152' title='bbox 741 2243 864 2282; x_wconf 93' lang='lat' dir='ltr'>non</span> <span class='ocrx_word' id='word_1_153' title='bbox 908 2224 1115 2301; x_wconf 89' lang='lat' dir='ltr'>inepte</span> <span class='ocrx_word' id='word_1_154' title='bbox 1158 2224 1442 2302; x_wconf 83' lang='lat' dir='ltr'>conjungi</span> <span class='ocrx_word' id='word_1_155' title='bbox 1488 2223 1677 2300; x_wconf 88' lang='lat' dir='ltr'>possit</span> <span class='ocrx_word' id='word_1_156' title='bbox 1714 2240 1852 2280; x_wconf 87' lang='lat' dir='ltr'>cum</span> <span class='ocrx_word' id='word_1_157' title='bbox 1885 2220 1957 2279; x_wconf 89' lang='lat' dir='ltr'>iis</span> <span class='ocrx_word' id='word_1_158' title='bbox 1988 2239 2125 2297; x_wconf 88' lang='lat' dir='ltr'>quae</span> 
     </span>
     <span class='ocr_line' id='line_1_24' title="bbox 316 2318 2127 2399; baseline -0.002 -20"><span class='ocrx_word' id='word_1_159' title='bbox 316 2323 500 2380; x_wconf 91' lang='lat' dir='ltr'>modo</span> <span class='ocrx_word' id='word_1_160' title='bbox 530 2323 1034 2381; x_wconf 87' lang='lat' dir='ltr'>memoravimus:</span> <span class='ocrx_word' id='word_1_161' title='bbox 1083 2342 1223 2380; x_wconf 85' lang='lat' dir='ltr'>oum</span> <span class='ocrx_word' id='word_1_162' title='bbox 1249 2322 1476 2399; x_wconf 92' lang='lat' dir='ltr'>liquida</span> <span class='ocrx_word' id='word_1_163' title='bbox 1498 2321 1783 2379; x_wconf 85' lang='lat' dir='ltr'>videlicet</span> <span class='ocrx_word' id='word_1_164' title='bbox 1813 2318 1967 2388; x_wconf 86' lang='lat' dir='ltr'>luce,</span> <span class='ocrx_word' id='word_1_165' title='bbox 1997 2337 2127 2396; x_wconf 89' lang='lat' dir='ltr'>spa-</span> 
     </span>
     <span class='ocr_line' id='line_1_25' title="bbox 316 2420 2126 2502; baseline -0.002 -21"><span class='ocrx_word' id='word_1_166' title='bbox 316 2423 525 2498; x_wconf 91' lang='lat' dir='ltr'>tioque</span> <span class='ocrx_word' id='word_1_167' title='bbox 566 2423 823 2482; x_wconf 82' lang='lat' dir='ltr'>infinito,</span> <span class='ocrx_word' id='word_1_168' title='bbox 914 2423 1110 2484; x_wconf 91' lang='lat' dir='ltr'>Verbi</span> <span class='ocrx_word' id='word_1_169' title='bbox 1154 2424 1367 2502; x_wconf 86' lang='lat' dir='ltr'>gratia,</span> <span class='ocrx_word' id='word_1_170' title='bbox 1400 2423 1658 2499; x_wconf 82' lang='lat' dir='ltr'>accipite</span> <span class='ocrx_word' id='word_1_171' title='bbox 1688 2420 2126 2479; x_wconf 89' lang='lat' dir='ltr'>lucidissimum</span> 
     </span>
     <span class='ocr_line' id='line_1_26' title="bbox 318 2518 2126 2599; baseline -0.003 -17"><span class='ocrx_word' id='word_1_172' title='bbox 318 2542 563 2582; x_wconf 89' lang='lat' dir='ltr'>carmen</span> <span class='ocrx_word' id='word_1_173' title='bbox 587 2524 663 2582; x_wconf 90' lang='lat' dir='ltr'>de</span> <span class='ocrx_word' id='word_1_174' title='bbox 695 2523 1039 2582; x_wconf 87' lang='lat' dir='ltr'>mobilitate</span> <span class='ocrx_word' id='word_1_175' title='bbox 1069 2524 1378 2592; x_wconf 82' lang='lat' dir='ltr'>materiae3</span> <span class='ocrx_word' id='word_1_176' title='bbox 1423 2523 1584 2599; x_wconf 91' lang='lat' dir='ltr'>quod</span> <span class='ocrx_word' id='word_1_177' title='bbox 1618 2528 1680 2579; x_wconf 91' lang='lat' dir='ltr'>et</span> <span class='ocrx_word' id='word_1_178' title='bbox 1710 2521 1910 2599; x_wconf 89' lang='lat' dir='ltr'>ipsum</span> <span class='ocrx_word' id='word_1_179' title='bbox 1941 2518 2126 2578; x_wconf 92' lang='lat' dir='ltr'>habet</span> 
     </span>
     <span class='ocr_line' id='line_1_27' title="bbox 317 2619 1373 2683; baseline -0.001 -2"><span class='ocrx_word' id='word_1_180' title='bbox 317 2625 617 2683; x_wconf 85' lang='lat' dir='ltr'>rationem</span> <span class='ocrx_word' id='word_1_181' title='bbox 647 2623 972 2683; x_wconf 78' lang='lat' dir='ltr'>matutinae</span> <span class='ocrx_word' id='word_1_182' title='bbox 1005 2623 1323 2683; x_wconf 81' lang='lat' dir='ltr'>cantilenae</span> <span class='ocrx_word' id='word_1_183' title='bbox 1340 2619 1373 2680; x_wconf 66' lang='grc' dir='ltr'>ἱ.</span> 
     </span>
    </p>
   </div>
   <div class='ocr_carea' id='block_1_5' title="bbox 561 2734 1898 3536">
    <p class='ocr_par' dir='ltr' id='par_1_6' title="bbox 561 2734 1817 3091">
     <span class='ocr_line' id='line_1_28' title="bbox 564 2734 1817 2792; baseline -0.002 -12"><span class='ocrx_word' id='word_1_184' title='bbox 564 2735 772 2780; x_wconf 86' lang='lat' dir='ltr'>Primum</span> <span class='ocrx_word' id='word_1_185' title='bbox 792 2735 975 2780; x_wconf 89' lang='lat' dir='ltr'>Aurora</span> <span class='ocrx_word' id='word_1_186' title='bbox 995 2750 1116 2780; x_wconf 91' lang='lat' dir='ltr'>novo</span> <span class='ocrx_word' id='word_1_187' title='bbox 1139 2749 1246 2779; x_wconf 89' lang='lat' dir='ltr'>cum</span> <span class='ocrx_word' id='word_1_188' title='bbox 1269 2734 1442 2792; x_wconf 86' lang='lat' dir='ltr'>spargit</span> <span class='ocrx_word' id='word_1_189' title='bbox 1462 2734 1636 2778; x_wconf 90' lang='lat' dir='ltr'>lumine</span> <span class='ocrx_word' id='word_1_190' title='bbox 1657 2740 1817 2786; x_wconf 88' lang='lat' dir='ltr'>terras,</span> 
     </span>
     <span class='ocr_line' id='line_1_29' title="bbox 562 2807 1700 2867; baseline -0.004 -11"><span class='ocrx_word' id='word_1_191' title='bbox 562 2810 623 2855; x_wconf 88' lang='lat' dir='ltr'>Et</span> <span class='ocrx_word' id='word_1_192' title='bbox 644 2811 780 2856; x_wconf 85' lang='lat' dir='ltr'>variae</span> <span class='ocrx_word' id='word_1_193' title='bbox 801 2812 1010 2856; x_wconf 90' lang='lat' dir='ltr'>volucres</span> <span class='ocrx_word' id='word_1_194' title='bbox 1033 2825 1220 2854; x_wconf 89' lang='lat' dir='ltr'>nemora</span> <span class='ocrx_word' id='word_1_195' title='bbox 1241 2809 1341 2854; x_wconf 84' lang='lat' dir='ltr'>avia</span> <span class='ocrx_word' id='word_1_196' title='bbox 1361 2807 1700 2867; x_wconf 81' lang='lat' dir='ltr'>pervolitanteS,</span> 
     </span>
     <span class='ocr_line' id='line_1_30' title="bbox 561 2882 1753 2944; baseline -0.003 -14"><span class='ocrx_word' id='word_1_197' title='bbox 561 2885 682 2930; x_wconf 89' lang='lat' dir='ltr'>Aera</span> <span class='ocrx_word' id='word_1_198' title='bbox 702 2901 782 2944; x_wconf 90' lang='lat' dir='ltr'>per</span> <span class='ocrx_word' id='word_1_199' title='bbox 802 2892 988 2930; x_wconf 88' lang='lat' dir='ltr'>tenuem</span> <span class='ocrx_word' id='word_1_200' title='bbox 1008 2883 1194 2944; x_wconf 86' lang='lat' dir='ltr'>liquidis</span> <span class='ocrx_word' id='word_1_201' title='bbox 1214 2885 1315 2927; x_wconf 89' lang='lat' dir='ltr'>loca</span> <span class='ocrx_word' id='word_1_202' title='bbox 1335 2882 1528 2927; x_wconf 88' lang='lat' dir='ltr'>vocibus</span> <span class='ocrx_word' id='word_1_203' title='bbox 1551 2883 1753 2941; x_wconf 87' lang='lat' dir='ltr'>opplent,</span> 
     </span>
     <span class='ocr_line' id='line_1_31' title="bbox 565 2956 1639 3015; baseline -0.007 -8"><span class='ocrx_word' id='word_1_204' title='bbox 565 2960 719 3009; x_wconf 79' lang='lat' dir='ltr'>Quam</span> <span class='ocrx_word' id='word_1_205' title='bbox 743 2959 896 3004; x_wconf 88' lang='lat' dir='ltr'>subito</span> <span class='ocrx_word' id='word_1_206' title='bbox 919 2960 1060 3004; x_wconf 89' lang='lat' dir='ltr'>soleat</span> <span class='ocrx_word' id='word_1_207' title='bbox 1084 2958 1163 3003; x_wconf 88' lang='lat' dir='ltr'>Sol</span> <span class='ocrx_word' id='word_1_208' title='bbox 1184 2964 1313 3003; x_wconf 84' lang='lat' dir='ltr'>ortus</span> <span class='ocrx_word' id='word_1_209' title='bbox 1334 2964 1539 3015; x_wconf 88' lang='lat' dir='ltr'>tempore</span> <span class='ocrx_word' id='word_1_210' title='bbox 1559 2956 1639 3001; x_wconf 90' lang='lat' dir='ltr'>tali</span> 
     </span>
     <span class='ocr_line' id='line_1_32' title="bbox 565 3031 1551 3091; baseline -0.002 -14"><span class='ocrx_word' id='word_1_211' title='bbox 565 3033 831 3078; x_wconf 88' lang='lat' dir='ltr'>Convertire</span> <span class='ocrx_word' id='word_1_212' title='bbox 854 3048 937 3077; x_wconf 88' lang='lat' dir='ltr'>sua</span> <span class='ocrx_word' id='word_1_213' title='bbox 959 3031 1238 3091; x_wconf 88' lang='lat' dir='ltr'>perfundens</span> <span class='ocrx_word' id='word_1_214' title='bbox 1262 3032 1416 3076; x_wconf 91' lang='lat' dir='ltr'>omnia</span> <span class='ocrx_word' id='word_1_215' title='bbox 1435 3033 1551 3084; x_wconf 90' lang='lat' dir='ltr'>luce,</span> 
     </span>
    </p>

    <p class='ocr_par' dir='ltr' id='par_1_7' title="bbox 564 3104 1898 3388">
     <span class='ocr_line' id='line_1_33' title="bbox 564 3104 1898 3165; baseline -0.002 -13"><span class='ocrx_word' id='word_1_216' title='bbox 564 3106 798 3152; x_wconf 89' lang='lat' dir='ltr'>Omnibus</span> <span class='ocrx_word' id='word_1_217' title='bbox 819 3107 868 3151; x_wconf 92' lang='lat' dir='ltr'>in</span> <span class='ocrx_word' id='word_1_218' title='bbox 890 3114 1123 3165; x_wconf 90' lang='lat' dir='ltr'>promptu,</span> <span class='ocrx_word' id='word_1_219' title='bbox 1145 3106 1532 3165; x_wconf 87' lang='lat' dir='ltr'>manifestumque</span> <span class='ocrx_word' id='word_1_220' title='bbox 1554 3120 1652 3149; x_wconf 91' lang='lat' dir='ltr'>esse</span> <span class='ocrx_word' id='word_1_221' title='bbox 1673 3104 1898 3150; x_wconf 89' lang='lat' dir='ltr'>videmus.</span> 
     </span>
     <span class='ocr_line' id='line_1_34' title="bbox 565 3180 1812 3240; baseline -0.001 -15"><span class='ocrx_word' id='word_1_222' title='bbox 565 3181 626 3226; x_wconf 91' lang='lat' dir='ltr'>At</span> <span class='ocrx_word' id='word_1_223' title='bbox 647 3196 788 3240; x_wconf 89' lang='lat' dir='ltr'>vapor</span> <span class='ocrx_word' id='word_1_224' title='bbox 808 3181 857 3225; x_wconf 91' lang='lat' dir='ltr'>in</span> <span class='ocrx_word' id='word_1_225' title='bbox 879 3196 1016 3240; x_wconf 90' lang='lat' dir='ltr'>quem</span> <span class='ocrx_word' id='word_1_226' title='bbox 1039 3180 1119 3226; x_wconf 89' lang='lat' dir='ltr'>Sol</span> <span class='ocrx_word' id='word_1_227' title='bbox 1139 3181 1294 3233; x_wconf 88' lang='lat' dir='ltr'>mittit,</span> <span class='ocrx_word' id='word_1_228' title='bbox 1317 3181 1564 3239; x_wconf 90' lang='lat' dir='ltr'>lumenque</span> <span class='ocrx_word' id='word_1_229' title='bbox 1586 3194 1812 3232; x_wconf 88' lang='lat' dir='ltr'>serenum,</span> 
     </span>
     <span class='ocr_line' id='line_1_35' title="bbox 564 3253 1706 3314; baseline -0.003 -14"><span class='ocrx_word' id='word_1_230' title='bbox 564 3255 674 3300; x_wconf 92' lang='lat' dir='ltr'>Non</span> <span class='ocrx_word' id='word_1_231' title='bbox 695 3271 777 3313; x_wconf 91' lang='lat' dir='ltr'>per</span> <span class='ocrx_word' id='word_1_232' title='bbox 797 3255 931 3299; x_wconf 88' lang='lat' dir='ltr'>inane</span> <span class='ocrx_word' id='word_1_233' title='bbox 953 3264 1074 3299; x_wconf 84' lang='lat' dir='ltr'>meat</span> <span class='ocrx_word' id='word_1_234' title='bbox 1095 3270 1308 3307; x_wconf 84' lang='lat' dir='ltr'>vacuum,</span> <span class='ocrx_word' id='word_1_235' title='bbox 1333 3269 1423 3314; x_wconf 93' lang='lat' dir='ltr'>quo</span> <span class='ocrx_word' id='word_1_236' title='bbox 1444 3253 1619 3298; x_wconf 87' lang='lat' dir='ltr'>tardius</span> <span class='ocrx_word' id='word_1_237' title='bbox 1640 3253 1706 3298; x_wconf 90' lang='lat' dir='ltr'>ire</span> 
     </span>
     <span class='ocr_line' id='line_1_36' title="bbox 566 3326 1692 3388; baseline -0.003 -14"><span class='ocrx_word' id='word_1_238' title='bbox 566 3329 774 3387; x_wconf 88' lang='lat' dir='ltr'>Cogitur,</span> <span class='ocrx_word' id='word_1_239' title='bbox 797 3329 939 3373; x_wconf 81' lang='lat' dir='ltr'>ae&#39;rias</span> <span class='ocrx_word' id='word_1_240' title='bbox 963 3328 1092 3388; x_wconf 88' lang='lat' dir='ltr'>quasi</span> <span class='ocrx_word' id='word_1_241' title='bbox 1113 3344 1221 3373; x_wconf 81' lang='lat' dir='ltr'>cum</span> <span class='ocrx_word' id='word_1_242' title='bbox 1244 3328 1495 3373; x_wconf 89' lang='lat' dir='ltr'>diverberet</span> <span class='ocrx_word' id='word_1_243' title='bbox 1516 3326 1692 3380; x_wconf 89' lang='lat' dir='ltr'>nudas;</span> 
     </span>
    </p>

    <p class='ocr_par' dir='ltr' id='par_1_8' title="bbox 564 3401 1673 3462">
     <span class='ocr_line' id='line_1_37' title="bbox 564 3401 1673 3462; baseline -0.002 -15"><span class='ocrx_word' id='word_1_244' title='bbox 564 3403 662 3448; x_wconf 88' lang='lat' dir='ltr'>Nec</span> <span class='ocrx_word' id='word_1_245' title='bbox 686 3402 949 3461; x_wconf 86' lang='lat' dir='ltr'>singillatim</span> <span class='ocrx_word' id='word_1_246' title='bbox 972 3403 1243 3461; x_wconf 87' lang='lat' dir='ltr'>corpuscula</span> <span class='ocrx_word' id='word_1_247' title='bbox 1264 3417 1456 3462; x_wconf 83' lang='lat' dir='ltr'>quaeque</span> <span class='ocrx_word' id='word_1_248' title='bbox 1477 3401 1673 3459; x_wconf 88' lang='lat' dir='ltr'>vaporis,</span> 
     </span>
    </p>

    <p class='ocr_par' dir='ltr' id='par_1_9' title="bbox 565 3475 1735 3536">
     <span class='ocr_line' id='line_1_38' title="bbox 565 3475 1735 3536; baseline -0.002 -15"><span class='ocrx_word' id='word_1_249' title='bbox 565 3475 658 3521; x_wconf 90' lang='lat' dir='ltr'>Sed</span> <span class='ocrx_word' id='word_1_250' title='bbox 679 3477 915 3534; x_wconf 85' lang='lat' dir='ltr'>complexa</span> <span class='ocrx_word' id='word_1_251' title='bbox 936 3483 1091 3520; x_wconf 88' lang='lat' dir='ltr'>meant</span> <span class='ocrx_word' id='word_1_252' title='bbox 1111 3476 1230 3520; x_wconf 88' lang='lat' dir='ltr'>inter</span> <span class='ocrx_word' id='word_1_253' title='bbox 1253 3491 1314 3528; x_wconf 90' lang='lat' dir='ltr'>se,</span> <span class='ocrx_word' id='word_1_254' title='bbox 1340 3491 1518 3536; x_wconf 86' lang='lat' dir='ltr'>conque</span> <span class='ocrx_word' id='word_1_255' title='bbox 1537 3475 1735 3534; x_wconf 86' lang='lat' dir='ltr'>globata.</span> 
     </span>
    </p>
   </div>
   <div class='ocr_carea' id='block_1_6' title="bbox 622 3630 1883 3689">
    <p class='ocr_par' dir='ltr' id='par_1_10' title="bbox 622 3630 1883 3689">
     <span class='ocr_line' id='line_1_39' title="bbox 622 3630 1883 3689; baseline -0.004 -10"><span class='ocrx_word' id='word_1_256' title='bbox 622 3635 638 3660; x_wconf 80' lang='lat'>¹¹</span> <span class='ocrx_word' id='word_1_257' title='bbox 664 3633 799 3679; x_wconf 82' lang='lat' dir='ltr'>Lucr.</span> <span class='ocrx_word' id='word_1_258' title='bbox 824 3643 866 3689; x_wconf 90' lang='lat'>5.</span> <span class='ocrx_word' id='word_1_259' title='bbox 890 3633 994 3689; x_wconf 89' lang='lat'>518.</span> <span class='ocrx_word' id='word_1_260' title='bbox 1542 3630 1690 3676; x_wconf 78' lang='lat' dir='ltr'>ilbid.</span> <span class='ocrx_word' id='word_1_261' title='bbox 1715 3645 1755 3675; x_wconf 91' lang='lat'>2.</span> <span class='ocrx_word' id='word_1_262' title='bbox 1786 3644 1883 3688; x_wconf 87' lang='lat'>143.</span> 
     </span>
    </p>
   </div>
  </div>
 </body>
</html>
