2288 4036
245 212 353 266 702
586 210 828 262 Lucretio
854 208 998 262 dolor
1024 225 1185 273 veru-3,
1212 207 1401 261 solatia
1414 207 1618 278 sesana.
1698 228 1858 262 PRAEL.
1883 229 2045 263 xxxv.

242 350 454 426 Atque
485 350 670 407 etiam
702 349 819 407 alio
852 350 912 406 in
946 349 1080 408 loco
1102 346 1165 408 k:

488 459 664 504 Deinde
687 459 826 504 animi
847 459 1073 518 ingratam
1095 468 1305 505 naturam
1326 475 1510 519 pascere
1533 477 1722 521 semper,

484 533 635 592 Atque
658 535 835 591 explere
856 533 990 578 bonis
1012 533 1165 588 rebus,
1189 535 1440 594 satiareque
1462 550 1714 595 nunquam,

488 607 628 656 Quod
649 607 823 652 faciunt
843 607 977 652 nobis
999 622 1225 652 annorum
1247 615 1466 667 tempora,
1490 608 1662 653 circum

487 679 607 725 Cum
628 680 834 733 redeunt,
858 681 1086 740 foetusque
1107 682 1274 734 ferunt,
1297 682 1538 741 variosque
1558 683 1749 740 lepores,

483 754 581 799 Nec
602 762 754 799 tamen
777 756 1012 813 explemur
1032 755 1140 800 vitai
1162 755 1388 800 fructibus
1410 752 1613 815 unquam
1636 774 1645 800 ε

486 828 604 882 Hoc,
626 836 679 873 ut
702 829 878 887 opinor,
902 828 947 873 id
972 836 1055 882 est,
1080 844 1178 875 aevo
1201 829 1389 874 florente
1410 831 1583 888 puellas

486 903 627 953 Quod
646 911 916 956 memorant,
938 904 1117 949 laticem
1141 910 1381 962 pertusum
1403 917 1645 961 congerere
1663 902 1711 946 in
1733 917 1828 955 vas,

486 976 626 1027 Quod
646 984 800 1022 tamen
822 978 992 1036 expleri
1013 978 1140 1022 nulla
1162 977 1336 1022 ratione
1357 983 1577 1035 potestur.

329 1083 426 1142 En
460 1102 629 1142 veras
660 1083 772 1141 tibi
805 1102 983 1142 voces
1019 1090 1082 1142 et
1119 1103 1198 1142 ex
1242 1084 1366 1141 imo
1402 1089 1650 1160 pectore
1695 1081 2043 1139 manantes!

243 1182 473 1242 Contra
518 1191 742 1252 autem,
776 1183 1062 1262 frigidum
1105 1182 1331 1260 aliquid
1378 1190 1440 1240 et
1485 1183 1664 1240 inane
1709 1201 1828 1238 non
1866 1180 2049 1239 dubie
2125 1250 2127 1252 q

242 1287 477 1350 sonant,
510 1300 649 1358 quae
678 1280 864 1339 habet
893 1281 1058 1339 idem
1088 1279 1332 1357 alioqui,
1365 1279 1562 1339 solatii
1593 1299 1788 1339 causa.
1871 1279 2050 1358 Cogi-

242 1381 386 1438 tetis
432 1381 614 1439 modo
660 1380 983 1438 formulam
1032 1379 1217 1448 illam,
1259 1380 1480 1458 saepius
1526 1381 1867 1457 repetitam,
1913 1387 2051 1457 post

241 1480 458 1538 acerba
488 1481 551 1537 in
581 1479 903 1559 religiones
935 1481 1206 1538 omnium
1239 1480 1457 1557 probra
1481 1497 1494 1537 ε

486 1596 628 1641 Hunc
649 1597 791 1655 igitur
811 1603 1031 1642 terrorem
1052 1597 1207 1650 animi,
1230 1597 1532 1657 tenebrasque
1554 1611 1738 1642 necesse
1758 1604 1827 1642 est

485 1670 595 1715 Non
616 1669 889 1725 radiiSolis,
913 1686 1060 1731 neque
1080 1670 1234 1716 lucida
1253 1672 1342 1716 tela
1363 1670 1452 1716 diei

486 1745 763 1799 Discutiant,
787 1744 868 1790 sed
889 1752 1066 1792 naturae
1088 1745 1276 1804 species,
1299 1746 1518 1806 ratioque.

244 1838 469 1898 Gravia
515 1856 657 1903 sane
709 1838 1019 1914 promissa,
1065 1857 1286 1917 magna
1340 1838 1754 1916 exspectatio:
1813 1837 1917 1896 sed
1964 1837 2049 1894 vi-

243 1939 404 2008 dete,
448 1957 572 2006 oro,
619 1944 928 1995 eventum.
1019 1936 1217 1996 Docet
1265 1936 1514 2006 seilicet,
1564 1937 1692 1995 fore
1737 1944 1937 1995 metus
1986 1945 2050 1994 et

243 2039 458 2096 erroris
488 2038 852 2116 perfugium,
874 2038 1059 2115 siquis
1088 2045 1475 2116 perspectum
1509 2037 1731 2096 habeat
1762 2057 1831 2095 ac
1862 2036 2049 2115 probe

243 2139 575 2216 cognitum,
611 2133 743 2195 vell

486 2254 675 2299 Nullam
696 2269 793 2299 rem
814 2269 839 2299 e
859 2254 1003 2298 nihilo
1024 2254 1154 2313 gigni
1176 2254 1395 2300 divinitus
1418 2270 1638 2315 unquam,

243 2316 339 2374 vel
360 2326 402 2352 ¹¹¹

484 2399 707 2444 Animum
730 2414 828 2443 esse
848 2399 1048 2444 hominis
1070 2407 1260 2457 partem,
1276 2399 1419 2444 nihilo
1440 2400 1610 2453 minus,
1630 2415 1680 2444 ac
1702 2415 1866 2445 manus
1889 2407 1931 2444 et
1954 2416 2049 2459 pes,

483 2473 636 2532 Atque
657 2473 778 2518 oculi
799 2480 948 2531 partes
970 2472 1213 2518 animantis
1235 2472 1376 2518 totius
1398 2479 1579 2526 extant3

245 2565 339 2624 vel
373 2566 633 2642 denique
653 2573 698 2633 ¹¹,

785 2660 892 2710 Quo
913 2668 1045 2706 motu
1065 2661 1278 2720 genitalia
1301 2662 1505 2706 materiai

486 2730 691 2790 Corpora
711 2746 782 2776 res
806 2732 950 2777 varias
973 2733 1180 2791 gignant,
1204 2733 1470 2792 genitasque
1492 2732 1735 2785 resolvant,

485 2805 545 2851 Et
567 2821 658 2865 qua
678 2806 723 2851 vi
744 2806 890 2851 facere
911 2806 957 2851 id
980 2814 1218 2866 cogantur,
1243 2822 1403 2867 quaeve
1425 2807 1482 2852 sit
1504 2807 1604 2851 ollis

486 2879 682 2926 Reddita
702 2880 930 2926 mobilitas
953 2897 1176 2940 magnum
1196 2897 1277 2940 per
1297 2882 1431 2926 inane
1452 2881 1650 2926 meandi.

244 2987 544 3046 Praeclara
589 2986 822 3046 scilicet
867 2989 1206 3046 animorum
1249 2989 1499 3056 curati0,
1532 3007 1637 3046 seu
1669 2985 2048 3045 tumultuan-

242 3088 397 3145 tium
430 3087 553 3145 sive
599 3085 1038 3165 languentium,
1071 3094 1140 3146 ut
1171 3088 1373 3146 nescio
1406 3106 1556 3164 quos
1588 3085 1851 3145 calculos
1881 3085 2046 3143 adhi-

243 3187 426 3245 beant
471 3186 616 3245 ludo
662 3187 902 3245 cuidam
949 3187 1299 3245 informium
1345 3194 1709 3257 atomorum,
1743 3193 1806 3244 et
1846 3184 2048 3262 physi-

241 3306 449 3347 corum
481 3286 752 3346 ediscant
781 3286 1183 3346 ratiunculas!

331 3386 594 3446 Proinde
631 3404 704 3444 ea
732 3387 901 3462 quasi
947 3385 1161 3445 solatia
1191 3387 1428 3463 quoties
1473 3382 1764 3442 allaturus
1795 3391 1889 3440 est
1923 3382 2046 3439 Lu-

243 3488 481 3554 cretiUS,
520 3486 739 3544 mirum
772 3505 951 3561 quam
985 3485 1161 3554 exile,
1196 3505 1376 3561 quam
1419 3484 1653 3542 aridum
1695 3481 1802 3540 fiat
1843 3481 2044 3539 subito

303 3664 328 3694 k
363 3663 497 3707 Lucr.
520 3660 722 3720 3.1016.
938 3659 1143 3716 l1.151.
1362 3665 1399 3687 m
1422 3671 1464 3714 3.
1489 3672 1564 3715 94.
1780 3663 1807 3685 ¹¹
1830 3669 1871 3699 2.
1895 3654 1968 3698 61.
