2288 4036
294 113 402 164 404
490 110 573 164 De
611 108 818 164 Umbris
844 115 1157 162 mortuorum
1183 105 1330 177 apud
1354 104 1742 177 Shalcsperwm:
1787 124 1952 165 PRAEL·
1977 124 2094 158 xm.

389 257 533 317 “At
582 259 762 326 enim,
815 259 865 315 is
925 263 1147 323 noster,
1194 255 1296 331 qui
1347 252 1500 311 nihil
1553 271 1819 329 unquam
1863 253 2093 330 jejune,

295 356 690 435 Shaksperus,
739 375 858 414 non
910 355 1212 413 dubitavit
1265 353 1486 430 saepius
1539 353 1603 409 in
1655 371 1897 411 scenam
1952 353 2095 411 mit-

293 467 422 517 tere
480 465 857 515 mortuorum
910 455 1152 513 umbras
1205 473 1492 531 corporea
1540 453 1800 529 quadam
1857 453 2098 549 specie-3

284 558 437 634 quin
485 565 548 615 et
600 576 707 634 per
758 556 1001 614 easdem
1051 572 1340 631 peragere
1392 573 1515 611 non
1574 572 1783 630 pauca,
1833 573 1966 629 quae
2018 554 2094 611 ad

293 656 632 715 fabularum
673 673 973 714 summam
1019 653 1320 730 praecipue
1372 652 1807 729 pertinerent.”
1897 652 2099 710 Immo

295 774 452 824 verO,
484 754 750 831 quisquis
790 772 854 812 se
889 754 1048 811 tueri
1081 751 1230 810 velit
1260 752 1627 810 auctoritate
1671 753 1892 810 summi
1938 751 2100 810 illius

293 854 420 922 viri,
466 853 515 911 is
561 852 805 910 omnino
859 871 1105 910 necesse
1153 858 1245 908 est
1290 869 1470 928 parce
1515 870 1585 909 ac
1632 852 1990 919 verecunde,
2031 859 2102 909 ut

290 947 379 1011 ita
409 953 622 1020 dicam,
656 958 796 1029 agat
834 971 974 1009 cum
1020 951 1296 1009 mortuis.
1390 949 1624 1020 Quater
1664 951 1863 1018 mode,
1896 951 1944 1009 si
1975 970 2103 1009 me-

291 1051 460 1120 mini,
533 1058 661 1108 tam
731 1049 912 1128 longa
976 1049 1431 1128 Tragoediarum
1501 1048 1673 1118 serie,
1754 1048 2102 1127 Shakspero

291 1149 521 1226 placuit
564 1149 807 1208 umbras
853 1149 1151 1227 ejusmodi
1199 1149 1487 1206 excitare.
1583 1147 1926 1207 Notissima
1961 1154 2104 1207 sunt

292 1250 590 1328 exempla,
646 1252 869 1328 quippe
921 1270 1054 1328 quae
1114 1249 1350 1329 singula
1409 1250 1758 1326 pertineant
1818 1250 1894 1308 ad
1954 1267 2104 1326 opus

291 1349 535 1426 aliquod
588 1351 717 1428 ejus
775 1351 1147 1427 primarium.
1249 1348 1474 1418 Primo,
1529 1349 1837 1407 exsomnis
1897 1354 2105 1425 stupet

291 1448 658 1527 Tyrannusu,
706 1450 848 1508 visis
901 1449 1132 1508 scilicet
1184 1468 1292 1526 per
1343 1454 1589 1506 noctem
1642 1466 1853 1505 eorum
1901 1445 2103 1504 Mani-

290 1548 420 1618 bus,
467 1568 617 1625 quos
661 1550 790 1625 ipse
836 1549 1141 1607 occiderat
1186 1547 1501 1606 innoxios:
1554 1548 1668 1624 ipsi
1718 1547 2104 1624 prodeunteS,

291 1647 502 1705 ordine
543 1648 796 1724 quisque
850 1667 976 1717 8110,
1024 1647 1166 1706 diris
1208 1666 1350 1704 eum
1396 1653 1845 1724 prosequuntur
1890 1646 2106 1704 omini-

291 1748 421 1818 bus,
480 1749 729 1806 inimico
790 1748 918 1824 ejus
978 1747 1177 1806 fausta
1238 1747 1442 1805 omnia
1500 1754 1843 1823 precantur.
1951 1745 2103 1816 Quis

291 1868 413 1906 non
474 1850 658 1915 videt,
718 1848 813 1925 agi
873 1847 974 1905 hic
1028 1848 1104 1905 de
1166 1848 1400 1906 somnio
1463 1846 1754 1905 divinitus
1813 1846 2101 1916 11111111880,

293 1948 472 2025 quale
523 1948 810 2007 accidisse
863 1947 1234 2024 perturbatis
1280 1966 1352 2005 eo
1399 1953 1677 2023 tempore
1722 1946 1938 2004 animis
1982 1966 2105 2004 non

294 2048 515 2107 desunt
537 2047 740 2105 idonei
767 2046 995 2105 testes?
1064 2046 1244 2116 Quod
1278 2053 1485 2104 autem
1517 2045 1811 2123 imagines
1841 2046 1976 2103 istae
2000 2066 2108 2103 ex-

295 2154 544 2226 surgant
589 2146 838 2225 singulae
877 2130 1077 2205 coram
1127 2145 1374 2223 popule,
1405 2144 1566 2221 quod
1612 2143 1858 2203 auribus
1889 2143 2107 2203 oculis-

293 2267 412 2324 que
444 2267 506 2306 se
537 2247 844 2324 praebeant
873 2246 1224 2314 noscendas,
1250 2245 1407 2322 sapit
1439 2243 1590 2302 illud
1622 2244 1869 2320 quidem
1899 2245 2107 2302 incon-

297 2347 494 2404 ditum
526 2345 751 2421 aliquid
798 2365 868 2403 ac
914 2346 1084 2414 rude,
1116 2345 1219 2403 sed
1253 2350 1458 2401 tamen
1499 2342 1703 2399 nescio
1749 2361 1826 2400 an
1868 2361 1941 2401 ea
1980 2343 2107 2402 sola

293 2444 529 2502 ratione
560 2444 765 2502 divina
809 2443 1027 2502 somnii
1067 2442 1155 2501 vis
1199 2443 1581 2499 innotescere
1625 2441 1911 2516 potuerit.
1988 2440 2106 2500 His

294 2529 746 2603 adnumeranda
785 2551 898 2613 est,
935 2562 1068 2620 quae
1112 2539 1433 2599 Machethi
1479 2539 1752 2616 epulanti
1798 2549 2105 2617 apparetx,

294 2640 510 2698 umbra
556 2641 817 2699 hominis
863 2662 899 2700 a
943 2661 1007 2700 se
1057 2640 1473 2699 crudelissime
1518 2640 1890 2718 interempti,
1936 2648 2108 2700 muta

295 2758 551 2815 prorsus,
573 2748 636 2798 et
660 2740 811 2798 nulli
843 2748 1068 2818 praeter
1097 2741 1295 2817 ipsum
1324 2740 1606 2798 videnda:
1651 2759 1770 2816 quo
1795 2741 1939 2799 satis
1963 2761 2106 2799 con-

296 2845 435 2907 stet,
459 2858 677 2915 purum
708 2840 770 2898 id
796 2859 925 2898 esse
948 2840 1311 2918 figmentum
1342 2840 1567 2897 mentis
1599 2840 1817 2898 misere
1849 2848 2107 2900 aestuna-

298 2938 376 2994 tis
413 2938 782 2996 conscientia
826 2938 1143 3008 scelerum,
1187 2958 1309 2996 non
1354 2939 1822 2997 autem=debere
1867 2941 2105 2999 ostendi

299 3033 704 3111 spectantium
737 3035 1130 3103 0011118,Πονο
1161 3034 1456 3092 nominari
1489 3033 1737 3109 quidem
1774 3035 1934 3092 inter
1971 3055 2107 3112 per-

298 3151 472 3191 sonas
490 3131 846 3211 Tragoediae.
937 3133 1193 3201 &TertiQ
1219 3132 1482 3190 Brutum
1514 3132 1877 3190 moriturum
1902 3133 2107 3193 Caesar

299 3233 504 3290 invisit
533 3239 828 3303 mortuus,
860 3232 1160 3291 duntaxat
1196 3240 1266 3291 ut
1304 3233 1420 3291 tria
1464 3232 1649 3291 verba
1686 3231 1887 3302 faciat,
1934 3239 1998 3291 et
2043 3235 2105 3291 in

483 3491 508 3514 ¹¹
541 3482 746 3528 Richard
764 3483 868 3536 ΙΙΙ.,
891 3483 951 3528 iii.
976 3497 1019 3542 3.
1491 3489 1509 3508 ¹
1541 3482 1766 3536 Mache-th,
1789 3482 1850 3526 iii.
1876 3498 1918 3538 4.

959 3565 982 3596 Y
1002 3557 1151 3601 Julius
1179 3557 1345 3610 Ccesar,
1368 3557 1427 3601 iv.
1451 3570 1495 3616 3.
