2288 4036
157 294 310 327 PRAEL.
327 291 491 324 xxxn.
621 270 682 324 ab
706 273 812 342 κι’]οεο
842 271 1059 341 Viryilio
1083 269 1386 343 siynffioari.
1802 268 1910 325 649

157 433 383 475 currere
419 413 610 470 solent
655 413 715 468 in
756 411 989 479 oculos;
1033 411 1124 468 his
1153 429 1251 467 me
1282 409 1641 478 consolabor,
1673 411 1746 467 ad
1776 411 1908 469 haec

156 511 454 586 refugiam,
486 509 661 565 misso
692 527 909 584 genere
939 507 1041 565 illo
1073 508 1381 583 profundo,
1411 508 1591 584 gravi,
1623 508 1879 565 sever0.’'

239 607 370 675 Quo
415 606 474 680 in
516 605 645 662 loco
685 605 1167 662 animadvertatis
1199 603 1377 661 velim
1417 604 1909 681 significationem

155 704 395 761 minime
443 702 681 758 dubiam
732 700 1005 779 εἰρωνείας,
1049 719 1223 776 quam
1269 711 1502 769 vocant,
1540 700 1906 778 Virgilianae.

158 800 456 858 Nimirum
513 817 582 855 ea
637 798 928 874 gravitate
986 818 1054 855 ac
1113 799 1308 856 sonitu
1360 799 1671 856 verborum
1729 805 1909 875 negat

158 896 341 952 Poeta
398 913 459 950 se
516 895 612 951 isti
670 901 1019 971 argumento
1071 894 1356 962 sufficere,
1408 902 1476 952 ut
1532 894 1729 970 palam
1786 895 1906 963 fiat,

156 1012 308 1059 eum,
340 990 516 1047 modo
548 990 711 1058 velit,
742 991 803 1047 in
833 991 935 1048 illo
967 1011 1199 1067 quoque
1229 991 1551 1068 plurimum
1582 1011 1769 1069 posse.

387 1120 464 1165 Me
485 1135 588 1165 vero
609 1121 805 1178 primum
827 1121 977 1166 dulces
999 1129 1101 1166 ante
1122 1122 1273 1166 omnia
1293 1122 1458 1175 Musae,

389 1192 593 1240 Quarum
615 1207 738 1237 sacra
757 1192 850 1237 fero
871 1193 1041 1251 ingenti
1062 1195 1293 1251 perculsus
1315 1209 1482 1247 amore,

385 1264 634 1321 Accipiam,
658 1265 840 1323 caelique
860 1265 953 1309 vias
976 1280 1026 1309 ac
1049 1265 1191 1310 sidera
1211 1273 1477 1319 monstrent,

387 1336 522 1380 Unde
543 1343 708 1380 tremor
727 1337 870 1389 terris,
895 1352 982 1395 qua
1003 1337 1047 1382 vi
1068 1337 1206 1382 maria
1225 1339 1312 1382 alta
1332 1345 1582 1383 tumescant

389 1408 622 1467 Objicibus
643 1410 803 1467 ruptis,
825 1424 1069 1468 rursusque
1089 1410 1136 1454 in
1159 1425 1205 1454 se
1226 1410 1323 1467 ipsa
1342 1410 1552 1463 residant,
1613 1408 1615 1410 ’

390 1480 513 1528 Quid
533 1488 710 1525 tantum
732 1481 911 1526 Oceano
932 1489 1167 1539 properent
1188 1497 1235 1526 se
1255 1483 1425 1541 tingere
1447 1484 1561 1527 soles

390 1552 611 1611 Hyberni‚
630 1554 700 1598 vel
720 1568 820 1612 quae
841 1553 978 1598 tardis
1000 1568 1125 1598 mora
1144 1554 1352 1598 noctibus
1373 1553 1531 1598 obstet.

238 1673 352 1732 Eas
392 1674 626 1732 videtur
668 1674 777 1732 sibi
822 1681 1017 1751 partes
1062 1675 1280 1753 eligere
1323 1677 1735 1752 disputationis
1779 1676 1909 1733 uni-

154 1790 330 1828 versae
371 1773 444 1828 de
480 1791 675 1829 rerum
715 1779 941 1840 natura,
973 1792 1115 1849 quas
1146 1774 1242 1831 vel
1279 1774 1542 1832 omiserit
1573 1773 1906 1842 Lucretius,

154 1867 246 1924 vel
282 1868 475 1925 minus
514 1875 787 1927 accurate
832 1871 1188 1927 tractaverit.
1278 1870 1398 1928 Sed
1442 1871 1686 1928 tentatis
1730 1871 1906 1927 modo

152 1964 445 2041 paulisper
478 1965 715 2036 viribus,
745 1985 807 2023 se
849 1967 909 2023 in
950 1986 1053 2024 sua
1096 1966 1264 2025 laetus
1307 1967 1633 2043 lubensque
1677 1968 1905 2044 recipit.

388 2099 483 2151 Sin,
505 2099 585 2144 has
606 2114 663 2144 ne
683 2101 853 2157 possim
874 2100 1059 2145 Naturae
1081 2100 1286 2145 accedere
1306 2108 1468 2158 partes,

387 2171 592 2230 Frigidus
614 2172 833 2217 obstiterit
855 2173 1022 2217 circum
1043 2172 1288 2231 praecordia
1309 2173 1506 2230 sanguis,

387 2244 510 2289 Rura
529 2244 639 2288 mihi
659 2251 702 2289 et
721 2245 839 2303 rigui
860 2247 1060 2303 placeant
1079 2245 1127 2289 in
1147 2245 1337 2290 vallibus
1358 2260 1528 2297 amnes,

387 2316 591 2361 Flumina
611 2332 754 2362 amem
775 2319 1008 2377 sylvasque
1028 2317 1261 2376 inglorius.

235 2438 389 2497 Haec
427 2441 569 2497 trita
608 2448 670 2498 et
712 2440 1059 2517 pervulgata
1102 2440 1376 2498 omnibus
1419 2440 1638 2498 idcirco
1683 2460 1907 2499 memo-

151 2535 270 2592 ravi
299 2535 411 2592 hoc
442 2536 591 2604 loce,
620 2537 777 2611 quod
808 2537 1032 2595 scilicet
1062 2555 1096 2593 e
1125 2555 1188 2593 re
1219 2543 1420 2594 nostra
1449 2537 1574 2594 fore
1603 2538 1904 2613 putabam,

151 2633 198 2689 si
233 2632 557 2710 Virgilium
601 2634 796 2709 ipsum
839 2634 1101 2691 excitare
1143 2651 1396 2709 possem,
1439 2633 1719 2691 idoneum
1766 2653 1905 2692 sane

151 2729 224 2786 de
267 2748 329 2787 se
373 2736 435 2787 et
479 2730 757 2787 Lucretio
799 2738 1034 2787 testem.
1120 2729 1277 2797 Jam,
1309 2730 1466 2805 quod
1502 2730 1578 2787 ad
1614 2749 1906 2788 summam

154 2824 491 2884 Lucretiani
521 2828 809 2902 poematis
839 2828 1072 2895 attinet,
1092 2826 1361 2903 intelligo
1391 2827 1688 2903 duplicem
1719 2828 1905 2885 ferme

152 2940 382 2980 causam
423 2923 599 2980 hodie
638 2943 674 2980 a
715 2924 883 2980 nobis
927 2924 1157 2999 suscipi.
1243 2922 1444 2980 Primo
1475 2924 1773 2992 docemus,
1802 2923 1906 2981 ha-

150 3018 275 3076 beri
321 3019 535 3077 debere
574 3020 744 3077 illum
791 3021 852 3077 in
897 3039 1143 3077 numero
1192 3038 1414 3088 eorum,
1459 3020 1672 3096 quibus
1723 3021 1904 3079 fuerit

151 3116 471 3191 praecipuus
512 3117 761 3174 Naturae
802 3137 869 3174 ac
913 3118 1060 3173 ruris
1099 3134 1299 3174 amor:
1344 3117 1558 3174 deinde
1590 3136 1666 3175 ex
1698 3137 1767 3175 ea
1802 3137 1905 3194 po-

150 3213 441 3270 tissimum
484 3221 651 3289 parte
683 3214 979 3271 Naturam
1023 3214 1210 3289 ipsam
1248 3213 1322 3270 ab
1358 3233 1428 3270 eo
1469 3216 1737 3290 spectari,
1769 3234 1903 3290 quae

151 3328 267 3384 prae
296 3329 357 3368 se
387 3310 502 3368 fert
531 3330 808 3368 arcanum
839 3331 906 3368 ac
939 3311 1183 3368 dubium
1215 3310 1452 3387 aliquid,
1483 3311 1710 3368 incerta
1752 3311 1901 3389 lege,

151 3405 339 3462 limite
384 3407 631 3475 infinite,
673 3409 933 3466 obscuris
987 3414 1055 3464 ut
1102 3407 1421 3483 plurimum
1468 3408 1900 3484 partitionibus,

154 3500 314 3558 Nam
354 3504 588 3579 utrique
628 3506 779 3580 parti
827 3505 1002 3579 hujus
1043 3504 1349 3562 sententiae
1385 3524 1502 3562 non
1548 3505 1714 3562 deest
1745 3506 1901 3580 quod

153 3600 365 3680 opponi
396 3607 456 3658 et
487 3602 659 3676 objici
691 3603 888 3677 possit.
