2288 4036
153 253 307 290 rumh.
330 252 496 288 xxvn.
583 229 819 289 Pindari
842 244 959 300 crya
985 225 1260 298 Primipos
1284 223 1547 288 παρρησία.
1794 218 1899 272 545

151 395 381 444 rannOS,
430 374 776 440 Hieronem,
823 369 1175 437 Theronem,
1225 362 1577 431 Arcesilam,
1631 360 1722 420 vel
1772 359 1900 443 ipso

152 474 294 534 flore
334 471 660 532 carminum
702 484 942 526 suorum
987 463 1379 543 prosequitur.
1470 459 1565 519 De
1594 458 1768 535 plebe
1797 476 1905 533 gu·-

152 570 438 628 bernante
472 566 613 649 quid
656 564 889 631 sentiat,
930 579 1049 621 uno
1090 558 1270 626 verbo
1311 557 1504 625 docet,
1541 555 1641 623 ubi
1684 551 1904 634 λάβρον

142 660 403 744 ’στράτου
433 660 710 740 appellat.

236 758 612 835 Quapropter
645 755 870 830 optime
910 752 1270 827 conspirasse
1303 749 1640 824 judicamus
1683 747 1905 806 avitam

155 853 393 913 Pindari
428 854 502 912 de
531 850 833 929 republica
862 848 1219 907 sententiam
1251 865 1387 904 cum
1417 845 1688 904 universa
1725 842 1907 920 ipsius

153 950 385 1010 indole:
432 968 508 1009 ne
546 967 667 1007 non
702 953 764 1007 et
801 946 889 1010 vir
932 950 1087 1005 esset
1131 950 1192 1003 et
1233 943 1424 1004 Poeta
1466 959 1807 1023 paucorum,
1836 946 1907 1009 ut

155 1048 241 1107 ita
270 1047 481 1111 dicam,
511 1043 838 1102 hominum,

239 1140 410 1198 Idem
440 1146 642 1199 tamen
672 1138 918 1197 minime
943 1142 1180 1194 veretur
1207 1134 1565 1211 gravissimis
1595 1133 1756 1191 adire
1784 1150 1912 1190 mo·-

155 1236 310 1303 uitis,
356 1237 403 1294 si
448 1253 540 1293 res
583 1235 668 1293 ita
712 1232 937 1298 tulerit,
982 1231 1274 1310 principes
1318 1231 1487 1296 vitm,
1532 1236 1593 1285 et
1636 1233 1911 1304 potentes

157 1333 392 1401 amicos,
455 1350 611 1391 nuno
670 1329 888 1391 tectius
945 1347 1103 1391 nuno
1159 1328 1439 1407 apertius,
1543 1325 1701 1387 Nam
1754 1324 1912 1401 quod

157 1429 312 1503 apud
363 1426 637 1489 Athenas
690 1425 923 1486 Scenici
976 1442 1173 1483 coram
1231 1423 1528 1498 arroganti
1580 1440 1649 1483 ac
1700 1439 1915 1481 vesana

157 1522 557 1587 multitudine,
589 1521 765 1586 idem,
797 1520 855 1579 ni
893 1518 1080 1585 fallor,
1112 1517 1513 1597 praestiterunt
1551 1515 1745 1593 Lyrici
1789 1513 1915 1573 lau-

159 1619 621 1682 datorescoram
650 1616 913 1691 tyrannis
958 1623 1019 1672 et
1062 1613 1462 1690 optimatibus.
1553 1611 1769 1672 Parum
1800 1610 1916 1667 for-

159 1723 314 1773 tasse
350 1713 689 1772 abhorrebit
731 1731 766 1771 a
807 1729 1055 1769 munere
1083 1716 1147 1768 et
1179 1708 1368 1768 officio
1404 1726 1608 1780 eorum
1635 1705 1918 1778 ‘Horat-iras

159 1829 303 1882 num
333 1809 481 1881 illud
513 1810 586 1871 de
618 1807 797 1879 Chori
828 1806 1059 1887 Tragici
1091 1804 1387 1886 partibus:

504 1982 594 2036 ‘ame
613 1980 744 2025 bonis
764 1979 994 2037 faveatque
1015 1983 1057 2020 et
1076 1975 1334 2033 consilietur
1354 1973 1521 2034 amicis,

511 2053 572 2099 Et
593 2058 716 2113 regat
736 2051 885 2103 iratos,
909 2056 951 2096 et
972 2055 1089 2095 amet
1110 2061 1289 2109 peccare
1309 2046 1529 2094 timentes,

155 2208 196 2239 >⁴⁴
216 2201 397 2278 Regssit
439 2201 690 2261 iratum’'
727 2200 1018 2260 Pindarus
1055 2200 1425 2259 Arcesilam:
1476 2197 1727 2257 Hieroni
1758 2196 1918 2265 favet

157 2303 226 2357 et
254 2304 537 2373 tanquam
563 2297 756 2357 amico
779 2296 1159 2359 consiliatur:
1194 2296 1544 2362 Tlieronem,
1570 2302 1603 2329 “
1622 2292 1920 2373 peccare,'’

164 2400 233 2452 ut
262 2393 513 2460 videtur,
535 2393 920 2460 “timentem
950 2392 1156 2451 amat''.
1176 2398 1239 2452 et
1268 2391 1477 2450 solatio
1508 2390 1898 2470 prosequitur,

246 2488 703 2548 Consideremus
738 2487 1034 2565 paulisper
1064 2488 1203 2564 quid
1247 2487 1506 2547 habeant
1538 2485 1770 2565 singula
1799 2505 1925 2548 car-2

166 2584 343 2652 mina,
359 2584 520 2661 quod
541 2590 646 2643 aut
675 2583 970 2643 laudantis
993 2584 1371 2644 commendet
1402 2583 1797 2663 prudentiam,
1817 2588 1921 2644 aut

167 2678 511 2756 religionem
558 2678 727 2739 istius
779 2678 975 2740 saeouli
1022 2680 1177 2742 circa
1221 2678 1541 2742 Poetarum
1589 2677 1754 2742 velut
1793 2697 1925 2748 ora-

125 2830 129 2832 ,
169 2774 436 2834 culorum
466 2774 795 2858 παρρησίαν,
892 2773 1223 2837 Arcesilam
1271 2775 1429 2854 prius
1470 2774 1761 2844 conciliat,
1784 2781 1922 2836 -tum

168 2877 407 2950 propter
435 2870 566 2939 alia.
598 2879 728 2931 tum
756 2871 895 2949 quia
926 2889 1044 2930 non
1075 2890 1252 2933 unam
1282 2872 1460 2932 modo
1496 2870 1768 2940 laudibus
1784 2870 1925 2949 ‚ejus

169 2973 238 3027 ut
273 2974 615 3029 caeterornm
654 2966 1012 3029 cantilenam
1050 2967 1361 3045 dicayeraa
1399 2967 1501 3029 sed
1546 2975 1819 3049 eruperat
1862 2968 1924 3031 in

171 3061 408 3123 laudata
446 3061 549 3124 illa
577 3061 999 3140 Argonautica,
1036 3081 1273 3123 carmen
1319 3064 1487 3142 epica
1532 3063 1654 3125 fere
1699 3063 1925 3140 magni-

172 3159 393 3220 tudine.
453 3158 686 3220 Deinde
713 3158 1168 3221 similitudinem
1187 3158 1442 3227 ‚adhibet
1466 3159 1761 3237 aenigmati
1793 3177 1926 3235 pro·

172 3255 415 3332 piorem,
459 3274 575 3333 quo
626 3256 840 3332 partim
888 3255 1083 3316 velare
1133 3257 1317 3334 possit
1352 3237 1674 3318 consilium
1732 3275 1923 3325 suum,

174 3351 330 3428 quod
375 3358 436 3409 et
484 3351 671 3409 tutius
723 3352 798 3408 sit
847 3352 919 3408 ad
974 3352 1148 3418 cives,
1195 3359 1256 3410 et
1290 3355 1688 3413 verecundius
1733 3354 1796 3411 in
1838 3354 1926 3430 ip-

173 3461 305 3502 sum
354 3463 587 3521 regem:
646 3447 862 3523 part-im
907 3447 1087 3504 etiam
1129 3448 1382 3507 accedat
1427 3468 1604 3526 quam
1656 3448 1924 3524 proxime

172 3537 246 3599 ad
306 3539 487 3600 divini
535 3541 744 3601 nuncii
804 3540 1135 3609 farinulam,
1177 3542 1428 3618 qualem
1488 3543 1651 3601 illam
1708 3560 1922 3605 novere

986 3654 1028 3699 N
1061 3657 1099 3699 n
