<?xml version="1.0" encoding="UTF-8"?>
<!DOCTYPE html PUBLIC "-//W3C//DTD XHTML 1.0 Transitional//EN"
    "http://www.w3.org/TR/xhtml1/DTD/xhtml1-transitional.dtd">
<html xmlns="http://www.w3.org/1999/xhtml" xml:lang="en" lang="en">
 <head>
  <title>
</title>
<meta http-equiv="Content-Type" content="text/html;charset=utf-8" />
  <meta name='ocr-system' content='tesseract 3.04.00' />
  <meta name='ocr-capabilities' content='ocr_page ocr_carea ocr_par ocr_line ocrx_word'/>
</head>
<body>
  <div class='ocr_page' id='page_1' title='image "./a588873902kebluoft_0224.png"; bbox 0 0 2288 4036; ppageno 0'>
   <div class='ocr_carea' id='block_1_1' title="bbox 316 179 2115 252">
    <p class='ocr_par' dir='ltr' id='par_1_1' title="bbox 316 179 2115 252">
     <span class='ocr_line' id='line_1_1' title="bbox 316 179 2115 252; baseline 0 -16"><span class='ocrx_word' id='word_1_1' title='bbox 316 181 426 236; x_wconf 69' lang='lat'><strong>602</strong></span> <span class='ocrx_word' id='word_1_2' title='bbox 675 181 952 252; x_wconf 71' lang='lat' dir='ltr'><strong>Antiyonae</strong></span> <span class='ocrx_word' id='word_1_3' title='bbox 977 179 1128 249; x_wconf 77' lang='lat' dir='ltr'><strong>apud</strong></span> <span class='ocrx_word' id='word_1_4' title='bbox 1148 179 1442 234; x_wconf 71' lang='lat' dir='ltr'><strong>Pkoenissas</strong></span> <span class='ocrx_word' id='word_1_5' title='bbox 1468 179 1644 234; x_wconf 74' lang='lat' dir='ltr'><strong>laudes</strong></span> <span class='ocrx_word' id='word_1_6' title='bbox 1660 202 1677 234; x_wconf 93' lang='grc'><strong>.·</strong></span> <span class='ocrx_word' id='word_1_7' title='bbox 1779 201 1940 236; x_wconf 79' lang='lat' dir='ltr'><strong>PRAEL.</strong></span> <span class='ocrx_word' id='word_1_8' title='bbox 1963 201 2115 236; x_wconf 69' lang='lat' dir='ltr'><strong>xxm.</strong></span> 
     </span>
    </p>
   </div>
   <div class='ocr_carea' id='block_1_2' title="bbox 317 325 2120 798">
    <p class='ocr_par' dir='ltr' id='par_1_2' title="bbox 317 325 2120 798">
     <span class='ocr_line' id='line_1_2' title="bbox 317 325 2119 406; baseline -0.001 -17"><span class='ocrx_word' id='word_1_9' title='bbox 317 331 537 402; x_wconf 87' lang='lat' dir='ltr'><strong>ferens,</strong></span> <span class='ocrx_word' id='word_1_10' title='bbox 566 337 636 388; x_wconf 91' lang='lat' dir='ltr'><strong>ut</strong></span> <span class='ocrx_word' id='word_1_11' title='bbox 672 327 863 406; x_wconf 83' lang='lat' dir='ltr'><strong>magis</strong></span> <span class='ocrx_word' id='word_1_12' title='bbox 894 326 1230 404; x_wconf 80' lang='lat' dir='ltr'><strong>significare</strong></span> <span class='ocrx_word' id='word_1_13' title='bbox 1261 343 1443 402; x_wconf 82' lang='lat' dir='ltr'><strong>quam</strong></span> <span class='ocrx_word' id='word_1_14' title='bbox 1475 325 1887 386; x_wconf 86' lang='lat' dir='ltr'><strong>demonstrare</strong></span> <span class='ocrx_word' id='word_1_15' title='bbox 1917 329 2119 388; x_wconf 86' lang='lat' dir='ltr'><strong>videa-</strong></span> 
     </span>
     <span class='ocr_line' id='line_1_3' title="bbox 319 423 2120 506; baseline -0.001 -19"><span class='ocrx_word' id='word_1_16' title='bbox 319 436 436 487; x_wconf 91' lang='lat' dir='ltr'><strong>tur.</strong></span> <span class='ocrx_word' id='word_1_17' title='bbox 514 428 705 486; x_wconf 80' lang='lat' dir='ltr'>Plane</span> <span class='ocrx_word' id='word_1_18' title='bbox 735 425 1057 483; x_wconf 83' lang='lat' dir='ltr'><strong>mirificum</strong></span> <span class='ocrx_word' id='word_1_19' title='bbox 1084 431 1177 482; x_wconf 91' lang='lat' dir='ltr'><strong>est</strong></span> <span class='ocrx_word' id='word_1_20' title='bbox 1206 425 1269 482; x_wconf 91' lang='lat' dir='ltr'><strong>in</strong></span> <span class='ocrx_word' id='word_1_21' title='bbox 1300 423 1414 483; x_wconf 81' lang='lat' dir='ltr'><strong>hac</strong></span> <span class='ocrx_word' id='word_1_22' title='bbox 1445 445 1510 483; x_wconf 93' lang='lat' dir='ltr'><strong>re</strong></span> <span class='ocrx_word' id='word_1_23' title='bbox 1541 425 1911 503; x_wconf 83' lang='lat' dir='ltr'><strong>colloquium</strong></span> <span class='ocrx_word' id='word_1_24' title='bbox 1941 429 2120 506; x_wconf 84' lang='lat' dir='ltr'><strong>regiae</strong></span> 
     </span>
     <span class='ocr_line' id='line_1_4' title="bbox 319 523 2118 606; baseline -0.001 -20"><span class='ocrx_word' id='word_1_25' title='bbox 319 529 566 606; x_wconf 80' lang='lat' dir='ltr'><strong>virginis</strong></span> <span class='ocrx_word' id='word_1_26' title='bbox 596 545 737 584; x_wconf 83' lang='lat' dir='ltr'><strong>oum</strong></span> <span class='ocrx_word' id='word_1_27' title='bbox 767 523 996 582; x_wconf 84' lang='lat' dir='ltr'><strong>famulo</strong></span> <span class='ocrx_word' id='word_1_28' title='bbox 1027 542 1169 582; x_wconf 85' lang='lat' dir='ltr'><strong>sene</strong></span> <span class='ocrx_word' id='word_1_29' title='bbox 1203 523 1501 593; x_wconf 86' lang='lat' dir='ltr'><strong>habitum,</strong></span> <span class='ocrx_word' id='word_1_30' title='bbox 1533 526 1866 603; x_wconf 77' lang='lat' dir='ltr'>prospectis</span> <span class='ocrx_word' id='word_1_31' title='bbox 1909 527 2118 603; x_wconf 84' lang='lat' dir='ltr'><strong>procul</strong></span> 
     </span>
     <span class='ocr_line' id='line_1_5' title="bbox 319 622 2120 704; baseline -0.001 -18"><span class='ocrx_word' id='word_1_32' title='bbox 319 648 353 685; x_wconf 95' lang='lat' dir='ltr'><strong>e</strong></span> <span class='ocrx_word' id='word_1_33' title='bbox 406 625 652 704; x_wconf 81' lang='lat' dir='ltr'><strong>specula</strong></span> <span class='ocrx_word' id='word_1_34' title='bbox 698 623 1069 702; x_wconf 84' lang='lat' dir='ltr'><strong>Argivorum</strong></span> <span class='ocrx_word' id='word_1_35' title='bbox 1120 622 1463 700; x_wconf 83' lang='lat' dir='ltr'><strong>agminibus</strong></span> <span class='ocrx_word' id='word_1_36' title='bbox 1490 640 1504 681; x_wconf 72' lang='grc' dir='ltr'>ε</span> <span class='ocrx_word' id='word_1_37' title='bbox 1557 644 1695 700; x_wconf 89' lang='lat' dir='ltr'><strong>quae</strong></span> <span class='ocrx_word' id='word_1_38' title='bbox 1747 625 1942 702; x_wconf 88' lang='lat' dir='ltr'><strong>primo</strong></span> <span class='ocrx_word' id='word_1_39' title='bbox 1988 627 2120 702; x_wconf 91' lang='lat' dir='ltr'><strong>qui-</strong></span> 
     </span>
     <span class='ocr_line' id='line_1_6' title="bbox 320 718 1947 798; baseline -0.002 -17"><span class='ocrx_word' id='word_1_40' title='bbox 320 724 480 792; x_wconf 90' lang='lat' dir='ltr'><strong>dem,</strong></span> <span class='ocrx_word' id='word_1_41' title='bbox 512 729 581 780; x_wconf 92' lang='lat' dir='ltr'><strong>ut</strong></span> <span class='ocrx_word' id='word_1_42' title='bbox 612 719 831 798; x_wconf 87' lang='lat' dir='ltr'><strong>puella,</strong></span> <span class='ocrx_word' id='word_1_43' title='bbox 864 719 1101 796; x_wconf 82' lang='lat' dir='ltr'><strong>eapitur</strong></span> <span class='ocrx_word' id='word_1_44' title='bbox 1130 720 1261 797; x_wconf 88' lang='lat' dir='ltr'><strong>ipso</strong></span> <span class='ocrx_word' id='word_1_45' title='bbox 1291 719 1528 798; x_wconf 83' lang='lat' dir='ltr'><strong>fulgore</strong></span> <span class='ocrx_word' id='word_1_46' title='bbox 1560 739 1864 779; x_wconf 86' lang='lat' dir='ltr'><strong>armorum</strong></span> <span class='ocrx_word' id='word_1_47' title='bbox 1884 718 1947 779; x_wconf 77' lang='lat' dir='ltr'><strong>d:</strong></span> 
     </span>
    </p>
   </div>
   <div class='ocr_carea' id='block_1_3' title="bbox 742 834 1356 1042">
    <p class='ocr_par' dir='ltr' id='par_1_3' title="bbox 742 834 1356 1042">
     <span class='ocr_line' id='line_1_7' title="bbox 743 834 1265 882; baseline 0.002 -2"><span class='ocrx_word' id='word_1_48' title='bbox 743 834 796 880; x_wconf 81' lang='grc' dir='ltr'><strong>’ίω</strong></span> <span class='ocrx_word' id='word_1_49' title='bbox 816 837 974 880; x_wconf 87' lang='grc' dir='ltr'>πότνια</span> <span class='ocrx_word' id='word_1_50' title='bbox 993 837 1075 880; x_wconf 81' lang='grc' dir='ltr'>παῖ</span> <span class='ocrx_word' id='word_1_51' title='bbox 1094 838 1265 882; x_wconf 77' lang='grc' dir='ltr'>Λατοῦς</span> 
     </span>
     <span class='ocr_line' id='line_1_8' title="bbox 742 907 1356 968; baseline 0.002 -15"><span class='ocrx_word' id='word_1_52' title='bbox 742 908 919 962; x_wconf 82' lang='grc' dir='ltr'><em>Ἑκάτα,</em></span> <span class='ocrx_word' id='word_1_53' title='bbox 941 909 1220 968; x_wconf 87' lang='grc' dir='ltr'>κατάχαλκον</span> <span class='ocrx_word' id='word_1_54' title='bbox 1239 907 1356 954; x_wconf 81' lang='grc' dir='ltr'>ἅπαν</span> 
     </span>
     <span class='ocr_line' id='line_1_9' title="bbox 744 983 1176 1042; baseline 0 -14"><span class='ocrx_word' id='word_1_55' title='bbox 744 983 897 1029; x_wconf 90' lang='grc' dir='ltr'>πέδιον</span> <span class='ocrx_word' id='word_1_56' title='bbox 917 983 1176 1042; x_wconf 85' lang='grc' dir='ltr'>ἀστράπτει.</span> 
     </span>
    </p>
   </div>
   <div class='ocr_carea' id='block_1_4' title="bbox 322 1072 2016 1151">
    <p class='ocr_par' dir='ltr' id='par_1_4' title="bbox 322 1072 2016 1151">
     <span class='ocr_line' id='line_1_10' title="bbox 322 1072 2016 1151; baseline 0.001 -10"><span class='ocrx_word' id='word_1_57' title='bbox 322 1072 562 1142; x_wconf 78' lang='lat' dir='ltr'><strong>Deinde</strong></span> <span class='ocrx_word' id='word_1_58' title='bbox 593 1081 973 1141; x_wconf 80' lang='lat' dir='ltr'><strong>muliebriter</strong></span> <span class='ocrx_word' id='word_1_59' title='bbox 1003 1082 1273 1151; x_wconf 87' lang='lat' dir='ltr'><strong>miratur,</strong></span> <span class='ocrx_word' id='word_1_60' title='bbox 1304 1102 1379 1140; x_wconf 87' lang='lat' dir='ltr'><strong>an</strong></span> <span class='ocrx_word' id='word_1_61' title='bbox 1413 1084 1616 1142; x_wconf 86' lang='lat' dir='ltr'><strong>omnia</strong></span> <span class='ocrx_word' id='word_1_62' title='bbox 1646 1084 1767 1142; x_wconf 88' lang='lat' dir='ltr'><strong>sint</strong></span> <span class='ocrx_word' id='word_1_63' title='bbox 1798 1085 2016 1144; x_wconf 83' lang='lat' dir='ltr'><strong>clausa.</strong></span> 
     </span>
    </p>
   </div>
   <div class='ocr_carea' id='block_1_5' title="bbox 744 1191 1424 1476">
    <p class='ocr_par' dir='ltr' id='par_1_5' title="bbox 744 1191 1424 1476">
     <span class='ocr_line' id='line_1_11' title="bbox 745 1191 1243 1251; baseline 0 -13"><span class='ocrx_word' id='word_1_64' title='bbox 745 1191 830 1251; x_wconf 74' lang='grc' dir='ltr'>ἂρα</span> <span class='ocrx_word' id='word_1_65' title='bbox 849 1191 988 1238; x_wconf 82' lang='grc' dir='ltr'>πύλαι</span> <span class='ocrx_word' id='word_1_66' title='bbox 1009 1192 1243 1251; x_wconf 84' lang='grc' dir='ltr'>κλείθροις,</span> 
     </span>
     <span class='ocr_line' id='line_1_12' title="bbox 744 1266 1250 1328; baseline 0 -16"><span class='ocrx_word' id='word_1_67' title='bbox 744 1268 996 1328; x_wconf 88' lang='grc' dir='ltr'>χαλκόδετά</span> <span class='ocrx_word' id='word_1_68' title='bbox 1016 1266 1053 1313; x_wconf 89' lang='grc' dir='ltr'>τ’</span> <span class='ocrx_word' id='word_1_69' title='bbox 1076 1268 1250 1326; x_wconf 78' lang='grc' dir='ltr'>ἔμβολα</span> 
     </span>
     <span class='ocr_line' id='line_1_13' title="bbox 746 1341 1424 1401; baseline 0.001 -15"><span class='ocrx_word' id='word_1_70' title='bbox 746 1341 937 1389; x_wconf 86' lang='grc' dir='ltr'>λαῖνέοις</span> <span class='ocrx_word' id='word_1_71' title='bbox 954 1341 1200 1400; x_wconf 89' lang='grc' dir='ltr'>Ἀμφιόνος</span> <span class='ocrx_word' id='word_1_72' title='bbox 1221 1341 1424 1401; x_wconf 80' lang='grc' dir='ltr'>ὀργάνοις</span> 
     </span>
     <span class='ocr_line' id='line_1_14' title="bbox 746 1416 1184 1476; baseline -0.002 -15"><span class='ocrx_word' id='word_1_73' title='bbox 746 1416 917 1475; x_wconf 87' lang='grc' dir='ltr'>τείχεος</span> <span class='ocrx_word' id='word_1_74' title='bbox 937 1416 1156 1476; x_wconf 80' lang='grc' dir='ltr'>ἥρμοσται</span> <span class='ocrx_word' id='word_1_75' title='bbox 1170 1434 1184 1469; x_wconf 83' lang='lat'>3</span> 
     </span>
    </p>
   </div>
   <div class='ocr_carea' id='block_1_6' title="bbox 316 1513 2125 2100">
    <p class='ocr_par' dir='ltr' id='par_1_6' title="bbox 316 1513 2125 1794">
     <span class='ocr_line' id='line_1_15' title="bbox 323 1513 2125 1594; baseline -0.001 -19"><span class='ocrx_word' id='word_1_76' title='bbox 323 1516 608 1594; x_wconf 91' lang='lat' dir='ltr'><strong>Denique</strong></span> <span class='ocrx_word' id='word_1_77' title='bbox 655 1521 793 1593; x_wconf 87' lang='lat' dir='ltr'><strong>post</strong></span> <span class='ocrx_word' id='word_1_78' title='bbox 844 1513 1041 1572; x_wconf 90' lang='lat' dir='ltr'><strong>multa</strong></span> <span class='ocrx_word' id='word_1_79' title='bbox 1085 1513 1343 1590; x_wconf 84' lang='lat' dir='ltr'><strong>quaesita</strong></span> <span class='ocrx_word' id='word_1_80' title='bbox 1387 1520 1451 1571; x_wconf 88' lang='lat' dir='ltr'><strong>et</strong></span> <span class='ocrx_word' id='word_1_81' title='bbox 1502 1513 1724 1582; x_wconf 85' lang='lat' dir='ltr'><strong>audita,</strong></span> <span class='ocrx_word' id='word_1_82' title='bbox 1772 1514 1974 1591; x_wconf 84' lang='lat' dir='ltr'><strong>qualia</strong></span> <span class='ocrx_word' id='word_1_83' title='bbox 2020 1535 2125 1574; x_wconf 91' lang='lat' dir='ltr'><strong>ne-</strong></span> 
     </span>
     <span class='ocr_line' id='line_1_16' title="bbox 321 1611 2123 1693; baseline -0.002 -17"><span class='ocrx_word' id='word_1_84' title='bbox 321 1635 486 1676; x_wconf 85' lang='lat' dir='ltr'><strong>cesse</strong></span> <span class='ocrx_word' id='word_1_85' title='bbox 535 1622 629 1674; x_wconf 89' lang='lat' dir='ltr'><strong>est</strong></span> <span class='ocrx_word' id='word_1_86' title='bbox 678 1614 925 1672; x_wconf 84' lang='lat' dir='ltr'><strong>veniant</strong></span> <span class='ocrx_word' id='word_1_87' title='bbox 977 1612 1040 1670; x_wconf 90' lang='lat' dir='ltr'><strong>in</strong></span> <span class='ocrx_word' id='word_1_88' title='bbox 1093 1617 1367 1670; x_wconf 78' lang='lat' dir='ltr'><strong>mentem</strong></span> <span class='ocrx_word' id='word_1_89' title='bbox 1420 1611 1694 1671; x_wconf 84' lang='lat' dir='ltr'><strong>delioatae</strong></span> <span class='ocrx_word' id='word_1_90' title='bbox 1745 1613 1962 1693; x_wconf 86' lang='lat' dir='ltr'><strong>virgini</strong></span> <span class='ocrx_word' id='word_1_91' title='bbox 2016 1615 2123 1674; x_wconf 83' lang='lat' dir='ltr'><strong>tali</strong></span> 
     </span>
     <span class='ocr_line' id='line_1_17' title="bbox 316 1711 1784 1794; baseline -0.001 -20"><span class='ocrx_word' id='word_1_92' title='bbox 316 1725 612 1794; x_wconf 89' lang='lat' dir='ltr'><strong>tempore,</strong></span> <span class='ocrx_word' id='word_1_93' title='bbox 643 1714 839 1791; x_wconf 82' lang='lat' dir='ltr'><strong>injicit</strong></span> <span class='ocrx_word' id='word_1_94' title='bbox 869 1711 1071 1772; x_wconf 91' lang='lat' dir='ltr'><strong>subito</strong></span> <span class='ocrx_word' id='word_1_95' title='bbox 1102 1711 1479 1770; x_wconf 91' lang='lat' dir='ltr'><strong>mentionem</strong></span> <span class='ocrx_word' id='word_1_96' title='bbox 1510 1711 1711 1772; x_wconf 87' lang='lat' dir='ltr'><strong>fratris</strong></span> <span class='ocrx_word' id='word_1_97' title='bbox 1729 1723 1784 1773; x_wconf 68' lang='lat' dir='ltr'><strong>e:</strong></span> 
     </span>
    </p>

    <p class='ocr_par' dir='ltr' id='par_1_7' title="bbox 745 1812 1190 1873">
     <span class='ocr_line' id='line_1_18' title="bbox 745 1812 1190 1873; baseline -0.009 -11"><span class='ocrx_word' id='word_1_98' title='bbox 745 1818 834 1862; x_wconf 87' lang='grc' dir='ltr'><strong>ποῦ</strong></span> <span class='ocrx_word' id='word_1_99' title='bbox 853 1817 941 1860; x_wconf 83' lang='grc' dir='ltr'><strong>ποῦ</strong></span> <span class='ocrx_word' id='word_1_100' title='bbox 961 1813 999 1859; x_wconf 78' lang='grc' dir='ltr'><strong>δ’</strong></span> <span class='ocrx_word' id='word_1_101' title='bbox 1024 1812 1072 1862; x_wconf 84' lang='grc' dir='ltr'>ὃς</span> <span class='ocrx_word' id='word_1_102' title='bbox 1093 1814 1190 1873; x_wconf 83' lang='grc' dir='ltr'>ἐμοὶ</span> 
     </span>
    </p>

    <p class='ocr_par' dir='ltr' id='par_1_8' title="bbox 743 1888 1304 1950">
     <span class='ocr_line' id='line_1_19' title="bbox 743 1888 1304 1950; baseline 0 -14"><span class='ocrx_word' id='word_1_103' title='bbox 743 1893 845 1950; x_wconf 85' lang='grc' dir='ltr'>μιᾶς</span> <span class='ocrx_word' id='word_1_104' title='bbox 865 1888 1024 1950; x_wconf 83' lang='grc' dir='ltr'>ἐγένετ’</span> <span class='ocrx_word' id='word_1_105' title='bbox 1048 1889 1096 1935; x_wconf 84' lang='grc' dir='ltr'><strong>ἐκ</strong></span> <span class='ocrx_word' id='word_1_106' title='bbox 1115 1888 1304 1948; x_wconf 80' lang='grc' dir='ltr'>ματέρος</span> 
     </span>
    </p>

    <p class='ocr_par' dir='ltr' id='par_1_9' title="bbox 746 1962 1155 2027">
     <span class='ocr_line' id='line_1_20' title="bbox 746 1962 1155 2027; baseline -0.01 -15"><span class='ocrx_word' id='word_1_107' title='bbox 746 1967 986 2027; x_wconf 81' lang='grc' dir='ltr'>πολυπόνῳ</span> <span class='ocrx_word' id='word_1_108' title='bbox 1006 1962 1155 2024; x_wconf 82' lang='grc' dir='ltr'>μοίρᾳ,</span> 
     </span>
    </p>

    <p class='ocr_par' dir='ltr' id='par_1_10' title="bbox 745 2036 1836 2100">
     <span class='ocr_line' id='line_1_21' title="bbox 745 2036 1836 2100; baseline 0 -15"><span class='ocrx_word' id='word_1_109' title='bbox 745 2040 779 2086; x_wconf 81' lang='grc' dir='ltr'>ὦ</span> <span class='ocrx_word' id='word_1_110' title='bbox 801 2038 999 2100; x_wconf 85' lang='grc' dir='ltr'>φίλτατ’,</span> <span class='ocrx_word' id='word_1_111' title='bbox 1022 2037 1132 2092; x_wconf 79' lang='grc' dir='ltr'>ε’ίπε,</span> <span class='ocrx_word' id='word_1_112' title='bbox 1153 2040 1240 2083; x_wconf 86' lang='grc' dir='ltr'><strong>ποῦ</strong></span> <span class='ocrx_word' id='word_1_113' title='bbox 1259 2036 1351 2083; x_wconf 75' lang='grc' dir='ltr'>’στι</span> <span class='ocrx_word' id='word_1_114' title='bbox 1373 2036 1657 2095; x_wconf 83' lang='grc' dir='ltr'>Πολυνείκης,</span> <span class='ocrx_word' id='word_1_115' title='bbox 1677 2038 1810 2098; x_wconf 82' lang='grc' dir='ltr'>γέρον</span> <span class='ocrx_word' id='word_1_116' title='bbox 1822 2056 1836 2093; x_wconf 90' lang='lat'>;</span> 
     </span>
    </p>
   </div>
   <div class='ocr_carea' id='block_1_7' title="bbox 320 2130 2131 3070">
    <p class='ocr_par' dir='ltr' id='par_1_11' title="bbox 320 2130 2131 2414">
     <span class='ocr_line' id='line_1_22' title="bbox 322 2130 2123 2211; baseline -0.001 -17"><span class='ocrx_word' id='word_1_117' title='bbox 322 2135 742 2194; x_wconf 87' lang='lat' dir='ltr'><strong>Monstratum</strong></span> <span class='ocrx_word' id='word_1_118' title='bbox 787 2137 997 2189; x_wconf 88' lang='lat' dir='ltr'><strong>autem</strong></span> <span class='ocrx_word' id='word_1_119' title='bbox 1026 2130 1132 2188; x_wconf 84' lang='lat' dir='ltr'><strong>vix</strong></span> <span class='ocrx_word' id='word_1_120' title='bbox 1169 2136 1232 2188; x_wconf 94' lang='lat' dir='ltr'><strong>et</strong></span> <span class='ocrx_word' id='word_1_121' title='bbox 1272 2148 1350 2187; x_wconf 90' lang='lat' dir='ltr'><strong>ne</strong></span> <span class='ocrx_word' id='word_1_122' title='bbox 1388 2130 1491 2188; x_wconf 87' lang='lat' dir='ltr'><strong>vix</strong></span> <span class='ocrx_word' id='word_1_123' title='bbox 1523 2131 1771 2208; x_wconf 91' lang='lat' dir='ltr'><strong>quidem</strong></span> <span class='ocrx_word' id='word_1_124' title='bbox 1816 2134 2123 2211; x_wconf 80' lang='lat' dir='ltr'><strong>agnoseit3</strong></span> 
     </span>
     <span class='ocr_line' id='line_1_23' title="bbox 320 2228 2131 2309; baseline -0.001 -16"><span class='ocrx_word' id='word_1_125' title='bbox 320 2255 491 2293; x_wconf 92' lang='lat' dir='ltr'><strong>more</strong></span> <span class='ocrx_word' id='word_1_126' title='bbox 521 2251 732 2292; x_wconf 90' lang='lat' dir='ltr'><strong>eorum</strong></span> <span class='ocrx_word' id='word_1_127' title='bbox 762 2249 1021 2308; x_wconf 90' lang='lat' dir='ltr'><strong>quorum</strong></span> <span class='ocrx_word' id='word_1_128' title='bbox 1053 2228 1214 2288; x_wconf 88' lang='lat' dir='ltr'><strong>oouli</strong></span> <span class='ocrx_word' id='word_1_129' title='bbox 1245 2229 1455 2306; x_wconf 82' lang='lat' dir='ltr'><strong>procul</strong></span> <span class='ocrx_word' id='word_1_130' title='bbox 1488 2238 1763 2309; x_wconf 88' lang='lat' dir='ltr'><strong>quaerunt</strong></span> <span class='ocrx_word' id='word_1_131' title='bbox 1793 2233 2131 2293; x_wconf 81' lang='lat' dir='ltr'><strong>carissimos</strong></span> 
     </span>
     <span class='ocr_line' id='line_1_24' title="bbox 322 2334 1018 2414; baseline -0.006 -21"><span class='ocrx_word' id='word_1_132' title='bbox 322 2334 505 2414; x_wconf 89' lang='lat' dir='ltr'><strong>longo</strong></span> <span class='ocrx_word' id='word_1_133' title='bbox 535 2339 672 2411; x_wconf 90' lang='lat' dir='ltr'><strong>post</strong></span> <span class='ocrx_word' id='word_1_134' title='bbox 703 2338 979 2408; x_wconf 90' lang='lat' dir='ltr'><strong>tempore</strong></span> <span class='ocrx_word' id='word_1_135' title='bbox 1005 2349 1018 2389; x_wconf 74' lang='grc' dir='ltr'>ε</span> 
     </span>
    </p>

    <p class='ocr_par' dir='ltr' id='par_1_12' title="bbox 687 2439 1708 2500">
     <span class='ocr_line' id='line_1_25' title="bbox 687 2439 1708 2500; baseline 0.002 -12"><span class='ocrx_word' id='word_1_136' title='bbox 687 2444 793 2500; x_wconf 84' lang='grc' dir='ltr'>ὁρᾶς</span> <span class='ocrx_word' id='word_1_137' title='bbox 806 2460 819 2495; x_wconf 84' lang='lat'><em>3</em></span> <span class='ocrx_word' id='word_1_138' title='bbox 853 2448 906 2486; x_wconf 89' lang='lat' dir='ltr'><strong>A.</strong></span> <span class='ocrx_word' id='word_1_139' title='bbox 930 2443 1020 2499; x_wconf 85' lang='grc' dir='ltr'><strong>ὁρῶ</strong></span> <span class='ocrx_word' id='word_1_140' title='bbox 1043 2439 1134 2498; x_wconf 85' lang='grc' dir='ltr'>δῆτ’</span> <span class='ocrx_word' id='word_1_141' title='bbox 1158 2440 1211 2484; x_wconf 85' lang='grc' dir='ltr'><strong>οὐ</strong></span> <span class='ocrx_word' id='word_1_142' title='bbox 1233 2440 1409 2499; x_wconf 82' lang='grc' dir='ltr'>σαφῶς,</span> <span class='ocrx_word' id='word_1_143' title='bbox 1433 2442 1523 2500; x_wconf 83' lang='grc' dir='ltr'><strong>ὁρῶ</strong></span> <span class='ocrx_word' id='word_1_144' title='bbox 1544 2441 1596 2486; x_wconf 86' lang='grc' dir='ltr'><strong>δέ</strong></span> <span class='ocrx_word' id='word_1_145' title='bbox 1612 2461 1708 2490; x_wconf 85' lang='grc' dir='ltr'>πως</span> 
     </span>
    </p>

    <p class='ocr_par' dir='ltr' id='par_1_13' title="bbox 325 2513 1798 2685">
     <span class='ocr_line' id='line_1_26' title="bbox 686 2513 1646 2576; baseline 0 -15"><span class='ocrx_word' id='word_1_146' title='bbox 686 2517 867 2576; x_wconf 84' lang='grc' dir='ltr'>μορφῆς</span> <span class='ocrx_word' id='word_1_147' title='bbox 887 2513 1085 2574; x_wconf 79' lang='grc' dir='ltr'>τύπωμα,</span> <span class='ocrx_word' id='word_1_148' title='bbox 1109 2513 1274 2574; x_wconf 86' lang='grc' dir='ltr'>στέρνα</span> <span class='ocrx_word' id='word_1_149' title='bbox 1295 2513 1332 2560; x_wconf 86' lang='grc' dir='ltr'>τ’</span> <span class='ocrx_word' id='word_1_150' title='bbox 1356 2514 1646 2574; x_wconf 79' lang='grc' dir='ltr'>ἐξῃκασμένα.</span> 
     </span>
     <span class='ocr_line' id='line_1_27' title="bbox 325 2605 1798 2685; baseline -0.001 -15"><span class='ocrx_word' id='word_1_151' title='bbox 325 2611 643 2670; x_wconf 88' lang='lat' dir='ltr'><strong>Postremo</strong></span> <span class='ocrx_word' id='word_1_152' title='bbox 675 2608 941 2685; x_wconf 87' lang='lat' dir='ltr'><strong>erumpit</strong></span> <span class='ocrx_word' id='word_1_153' title='bbox 970 2607 1034 2664; x_wconf 92' lang='lat' dir='ltr'><strong>in</strong></span> <span class='ocrx_word' id='word_1_154' title='bbox 1067 2605 1490 2665; x_wconf 86' lang='lat' dir='ltr'><strong>mollissimum</strong></span> <span class='ocrx_word' id='word_1_155' title='bbox 1521 2628 1798 2668; x_wconf 81' lang='lat' dir='ltr'><strong>carmen:</strong></span> 
     </span>
    </p>

    <p class='ocr_par' dir='ltr' id='par_1_14' title="bbox 688 2707 1442 2770">
     <span class='ocr_line' id='line_1_28' title="bbox 688 2707 1442 2770; baseline -0.004 -13"><span class='ocrx_word' id='word_1_156' title='bbox 688 2711 930 2770; x_wconf 83' lang='grc' dir='ltr'>ἀνεμώκεος</span> <span class='ocrx_word' id='word_1_157' title='bbox 951 2707 1039 2755; x_wconf 80' lang='grc' dir='ltr'>ε’ίθε</span> <span class='ocrx_word' id='word_1_158' title='bbox 1062 2709 1228 2768; x_wconf 85' lang='grc' dir='ltr'>δρόμον</span> <span class='ocrx_word' id='word_1_159' title='bbox 1249 2710 1442 2768; x_wconf 85' lang='grc' dir='ltr'>νεφέλας</span> 
     </span>
    </p>

    <p class='ocr_par' dir='ltr' id='par_1_15' title="bbox 687 2783 1380 2845">
     <span class='ocr_line' id='line_1_29' title="bbox 687 2783 1380 2845; baseline -0.004 -13"><span class='ocrx_word' id='word_1_160' title='bbox 687 2787 826 2833; x_wconf 78' lang='grc' dir='ltr'>ποσὶν</span> <span class='ocrx_word' id='word_1_161' title='bbox 847 2784 1106 2843; x_wconf 78' lang='grc' dir='ltr'>ἐξανύσαιμι</span> <span class='ocrx_word' id='word_1_162' title='bbox 1128 2783 1181 2830; x_wconf 86' lang='grc' dir='ltr'><strong>δι’</strong></span> <span class='ocrx_word' id='word_1_163' title='bbox 1205 2784 1380 2845; x_wconf 79' lang='grc' dir='ltr'>αἰθέρος</span> 
     </span>
    </p>

    <p class='ocr_par' dir='ltr' id='par_1_16' title="bbox 688 2860 1254 2920">
     <span class='ocr_line' id='line_1_30' title="bbox 688 2860 1254 2920; baseline -0.007 -13"><span class='ocrx_word' id='word_1_164' title='bbox 688 2862 800 2920; x_wconf 88' lang='grc' dir='ltr'>πρὸς</span> <span class='ocrx_word' id='word_1_165' title='bbox 822 2861 926 2919; x_wconf 83' lang='grc' dir='ltr'>ἐμὸν</span> <span class='ocrx_word' id='word_1_166' title='bbox 947 2860 1254 2920; x_wconf 86' lang='grc' dir='ltr'>ὁμογενέτορα·</span> 
     </span>
    </p>

    <p class='ocr_par' dir='ltr' id='par_1_17' title="bbox 688 2933 1388 2996">
     <span class='ocr_line' id='line_1_31' title="bbox 688 2933 1388 2996; baseline -0.001 -15"><span class='ocrx_word' id='word_1_167' title='bbox 688 2937 791 2996; x_wconf 86' lang='grc' dir='ltr'>περὶ</span> <span class='ocrx_word' id='word_1_168' title='bbox 813 2935 850 2980; x_wconf 89' lang='grc' dir='ltr'><strong>δ’</strong></span> <span class='ocrx_word' id='word_1_169' title='bbox 875 2934 1043 2981; x_wconf 83' lang='grc' dir='ltr'>ὠλένας</span> <span class='ocrx_word' id='word_1_170' title='bbox 1064 2933 1170 2994; x_wconf 82' lang='grc' dir='ltr'>δέρᾳ</span> <span class='ocrx_word' id='word_1_171' title='bbox 1191 2935 1388 2993; x_wconf 83' lang='grc' dir='ltr'>φιλτάτᾳ</span> 
     </span>
    </p>

    <p class='ocr_par' dir='ltr' id='par_1_18' title="bbox 687 3007 1456 3070">
     <span class='ocr_line' id='line_1_32' title="bbox 687 3007 1456 3070; baseline 0 -15"><span class='ocrx_word' id='word_1_172' title='bbox 687 3011 888 3069; x_wconf 87' lang='grc' dir='ltr'>βάλοιμι,</span> <span class='ocrx_word' id='word_1_173' title='bbox 911 3010 1058 3070; x_wconf 82' lang='grc' dir='ltr'>χρόνῳ</span> <span class='ocrx_word' id='word_1_174' title='bbox 1079 3007 1260 3068; x_wconf 91' lang='grc' dir='ltr'>φυγάδα</span> <span class='ocrx_word' id='word_1_175' title='bbox 1279 3008 1456 3067; x_wconf 88' lang='grc' dir='ltr'>μέλεον.</span> 
     </span>
    </p>
   </div>
   <div class='ocr_carea' id='block_1_8' title="bbox 326 3101 2132 3283">
    <p class='ocr_par' dir='ltr' id='par_1_19' title="bbox 326 3101 2132 3283">
     <span class='ocr_line' id='line_1_33' title="bbox 327 3101 2132 3180; baseline 0.002 -18"><span class='ocrx_word' id='word_1_176' title='bbox 327 3104 430 3162; x_wconf 94' lang='lat' dir='ltr'><strong>Ne</strong></span> <span class='ocrx_word' id='word_1_177' title='bbox 490 3104 590 3161; x_wconf 84' lang='lat' dir='ltr'><strong>hie</strong></span> <span class='ocrx_word' id='word_1_178' title='bbox 648 3102 895 3179; x_wconf 90' lang='lat' dir='ltr'><strong>quidem</strong></span> <span class='ocrx_word' id='word_1_179' title='bbox 957 3101 1070 3159; x_wconf 88' lang='lat' dir='ltr'><strong>sibi</strong></span> <span class='ocrx_word' id='word_1_180' title='bbox 1130 3107 1471 3179; x_wconf 88' lang='lat' dir='ltr'><strong>temperare</strong></span> <span class='ocrx_word' id='word_1_181' title='bbox 1530 3110 1734 3180; x_wconf 88' lang='lat' dir='ltr'><strong>potest</strong></span> <span class='ocrx_word' id='word_1_182' title='bbox 1793 3105 1870 3163; x_wconf 84' lang='lat' dir='ltr'><strong>ab</strong></span> <span class='ocrx_word' id='word_1_183' title='bbox 1929 3125 2132 3165; x_wconf 88' lang='lat' dir='ltr'><strong>amore</strong></span> 
     </span>
     <span class='ocr_line' id='line_1_34' title="bbox 326 3201 1203 3283; baseline -0.005 -18"><span class='ocrx_word' id='word_1_184' title='bbox 326 3203 660 3283; x_wconf 81' lang='lat' dir='ltr'><strong>splendoris</strong></span> <span class='ocrx_word' id='word_1_185' title='bbox 689 3202 869 3280; x_wconf 87' lang='lat' dir='ltr'><strong>plane</strong></span> <span class='ocrx_word' id='word_1_186' title='bbox 900 3201 1203 3261; x_wconf 74' lang='lat' dir='ltr'><strong>foemineo·</strong></span> 
     </span>
    </p>
   </div>
   <div class='ocr_carea' id='block_1_9' title="bbox 689 3303 1660 3507">
    <p class='ocr_par' dir='ltr' id='par_1_20' title="bbox 689 3303 1660 3507">
     <span class='ocr_line' id='line_1_35' title="bbox 689 3303 1660 3366; baseline 0.003 -16"><span class='ocrx_word' id='word_1_187' title='bbox 689 3305 747 3353; x_wconf 82' lang='grc' dir='ltr'>ὡς</span> <span class='ocrx_word' id='word_1_188' title='bbox 769 3303 952 3350; x_wconf 87' lang='grc' dir='ltr'>ὅπλοισι</span> <span class='ocrx_word' id='word_1_189' title='bbox 973 3303 1238 3364; x_wconf 86' lang='grc' dir='ltr'>χρυσέοισιν</span> <span class='ocrx_word' id='word_1_190' title='bbox 1259 3304 1491 3365; x_wconf 76' lang='grc' dir='ltr'>εὐπρεπὴς,</span> <span class='ocrx_word' id='word_1_191' title='bbox 1513 3305 1660 3366; x_wconf 89' lang='grc' dir='ltr'>γέρον,</span> 
     </span>
     <span class='ocr_line' id='line_1_36' title="bbox 690 3377 1226 3438; baseline 0.002 -15"><span class='ocrx_word' id='word_1_192' title='bbox 690 3379 816 3425; x_wconf 86' lang='grc' dir='ltr'>ε’ὠαις</span> <span class='ocrx_word' id='word_1_193' title='bbox 835 3377 965 3437; x_wconf 85' lang='grc' dir='ltr'>ὅμοια</span> <span class='ocrx_word' id='word_1_194' title='bbox 988 3378 1226 3438; x_wconf 90' lang='grc' dir='ltr'>φλεγέθων</span> 
     </span>
     <span class='ocr_line' id='line_1_37' title="bbox 689 3453 1092 3507; baseline 0 -10"><span class='ocrx_word' id='word_1_195' title='bbox 689 3455 904 3507; x_wconf 83' lang='grc' dir='ltr'>βολαῖσιν</span> <span class='ocrx_word' id='word_1_196' title='bbox 926 3453 1092 3498; x_wconf 88' lang='grc' dir='ltr'>ἀελίου.</span> 
     </span>
    </p>
   </div>
   <div class='ocr_carea' id='block_1_10' title="bbox 572 3577 1889 3640">
    <p class='ocr_par' dir='ltr' id='par_1_21' title="bbox 572 3577 1889 3640">
     <span class='ocr_line' id='line_1_38' title="bbox 572 3577 1889 3640; baseline 0.005 -20"><span class='ocrx_word' id='word_1_197' title='bbox 572 3577 594 3607; x_wconf 71' lang='lat'><strong>(¹</strong></span> <span class='ocrx_word' id='word_1_198' title='bbox 620 3577 773 3621; x_wconf 73' lang='lat' dir='ltr'><strong>Pkoen.</strong></span> <span class='ocrx_word' id='word_1_199' title='bbox 802 3587 901 3634; x_wconf 88' lang='lat'>107.</span> <span class='ocrx_word' id='word_1_200' title='bbox 1604 3588 1624 3612; x_wconf 82' lang='lat' dir='ltr'><strong>e</strong></span> <span class='ocrx_word' id='word_1_201' title='bbox 1646 3581 1759 3626; x_wconf 85' lang='lat' dir='ltr'><strong><em>Ibid.</em></strong></span> <span class='ocrx_word' id='word_1_202' title='bbox 1789 3593 1889 3640; x_wconf 90' lang='lat'>157.</span> 
     </span>
    </p>
   </div>
   <div class='ocr_carea' id='block_1_11' title="bbox 2280 207 2288 242">
    <p class='ocr_par' dir='ltr' id='par_1_22' title="bbox 2280 207 2288 242">
     <span class='ocr_line' id='line_1_39' title="bbox 2280 207 2288 242; baseline 0 0"><span class='ocrx_word' id='word_1_203' title='bbox 2280 207 2288 242; x_wconf 68' lang='grc' dir='ltr'>ἰ</span> 
     </span>
    </p>
   </div>
  </div>
 </body>
</html>
