2288 4036
130 285 505 318 PRAEL.XXXV11.
624 267 834 336 Viryiliz’
860 267 920 318 de
935 265 1214 336 pecudibus
1241 267 1473 318 lamenta.
1777 270 1810 322 7
1813 270 1882 324 49

130 420 463 488 quaestuoso
498 414 690 469 ductis
735 432 920 487 pauca
963 413 1079 480 illa,
1118 413 1217 469 sed
1264 413 1478 469 affectu
1523 413 1880 488 plenissima,

130 518 161 540 ‘⁶
190 509 338 583 Ipsae
396 528 685 565 memores
744 511 993 566 redeunt
1052 511 1111 565 in
1164 510 1376 566 t-ecta.'’
1471 509 1653 577 Quasi
1706 511 1880 576 dicat,

131 604 223 660 En
253 605 436 661 fidum
481 614 542 661 et
582 605 905 662 officiosum
935 605 1153 682 genus!
1200 625 1360 680 spem
1395 625 1560 663 suam
1591 605 1750 662 ultro
1781 625 1885 681 po-

127 708 278 757 nunt
322 702 382 756 in
429 701 797 759 hominibus:
852 703 1203 759 dubitant-ne
1255 702 1523 760 homines
1567 723 1770 760 curare
1815 723 1882 760 ac

127 796 324 854 tueri?
422 797 653 854 Deinde
725 798 870 855 illud
931 818 1107 874 quam
1170 799 1380 856 dulce!
1444 820 1621 875 quam
1674 807 1880 875 aptum

127 893 323 949 animo
354 893 629 968 pastorali
654 893 662 949 !

362 1014 484 1071 Ergo
505 1015 627 1058 omni
649 1015 797 1059 studio
818 1016 1004 1074 glaciem
1025 1026 1269 1078 ventosque
1291 1019 1471 1072 nivales,

363 1086 467 1134 Quo
488 1088 636 1131 minus
659 1096 725 1132 est
748 1089 834 1132 illis
857 1104 975 1133 curae
996 1092 1194 1135 mortalis
1216 1099 1402 1148 egestas,

361 1159 559 1211 Avertes,
583 1160 835 1219 victumque
857 1161 983 1213 feres,
1007 1170 1050 1206 et
1070 1163 1220 1220 virgea
1239 1165 1370 1207 laetus

362 1231 544 1284 Pabula,
567 1247 647 1276 nec
669 1239 762 1276 tota
787 1233 964 1277 claudes
986 1234 1153 1278 foenilia
1172 1235 1346 1279 bruma.

125 1330 306 1388 Absit
345 1352 499 1399 ver0,
535 1335 742 1408 inquit,
789 1343 856 1391 ut
900 1355 1017 1392 una
1061 1336 1162 1393 illa
1206 1344 1444 1394 careant
1490 1357 1679 1413 operae
1730 1358 1884 1396 mer-

127 1428 287 1494 cede,
319 1448 493 1503 quam
526 1430 707 1487 solam
741 1450 774 1487 a
804 1433 971 1489 nobis
1002 1441 1299 1508 repetunt.

211 1521 538 1581 Veniamus
581 1525 654 1581 ad
700 1525 1167 1584 laudatissimum
1215 1548 1451 1586 carmen
1491 1530 1564 1586 de
1600 1550 1879 1605 pecorum

126 1626 319 1695 strage
349 1621 409 1675 in
440 1621 674 1696 Alpinis
705 1625 1031 1698 provinciis,
1118 1625 1404 1683 Crederes
1435 1628 1723 1703 ejusmodi
1756 1647 1882 1686 esse

125 1735 267 1783 rem,
299 1737 433 1792 quae
465 1720 689 1776 animos
721 1729 1092 1778 commoveat
1134 1721 1257 1779 solo
1303 1722 1558 1789 horrore,
1592 1723 1881 1799 variisque

124 1831 191 1869 ac
227 1814 566 1871 miserrimis
614 1835 920 1890 corporum
964 1819 1336 1875 cruciatibus.
1427 1818 1546 1876 Sed
1578 1819 1879 1896 Virgilius,

124 1927 258 1981 quae
288 1917 413 1966 erat
443 1911 567 1985 ejus
597 1911 848 1979 solertia,
881 1915 1106 1971 curavit
1152 1915 1265 1972 ista
1295 1915 1502 1972 variari
1546 1915 1879 1972 mirandum

123 2004 183 2059 in
226 2007 488 2076 modum,
533 2027 602 2064 ea
640 2016 823 2083 parte,
857 2029 972 2084 qua
1015 2017 1250 2067 taurum
1295 2011 1661 2068 laborantem
1710 2011 1880 2087 fingit

124 2102 232 2157 sub
251 2103 398 2179 jugo
430 2105 737 2161 concidere
768 2115 828 2162 et
859 2108 1113 2164 animam
1147 2109 1349 2165 statim
1380 2128 1554 2185 agere
1575 2117 1618 2164 P.

1080 2227 1121 2271 It
1143 2227 1281 2271 tristis
1305 2238 1464 2280 arator,

359 2295 625 2340 Moerentem
648 2297 896 2355 abjungens
919 2298 1110 2343 fraterna
1130 2308 1272 2344 morte
1287 2302 1546 2359 juvencum,

357 2367 504 2426 Atque
526 2384 655 2426 opere
677 2371 722 2413 in
746 2370 890 2414 medio
915 2371 1056 2414 defixa
1076 2373 1284 2431 relinquit
1305 2381 1461 2417 aratra.

124 2467 388 2525 Inertem
418 2470 618 2544 jacere
652 2491 847 2528 coram
890 2472 950 2528 in
981 2473 1156 2531 sulcis
1187 2494 1506 2544 vomerem,
1538 2477 1881 2535 diuturnum

124 2568 305 2618 tantae
357 2562 538 2621 cladis
590 2567 1012 2635 testimonium,
1058 2569 1118 2624 id
1172 2569 1396 2626 scilicet
1448 2570 1656 2627 colono
1702 2591 1881 2648 grave

125 2665 267 2726 erat,
292 2661 516 2717 caeteris
546 2681 664 2717 non
695 2662 795 2719 ita.

208 2755 327 2812 Sed
367 2758 770 2826 recordamini,
805 2780 932 2834 quae
977 2762 1049 2817 de
1090 2763 1240 2820 bove
1285 2766 1602 2839 superstite
1646 2784 1882 2822 narran-

123 2857 238 2908 tur.

358 2932 464 2976 Non
485 2934 658 2978 umbrae
680 2935 868 2978 altorum
892 2951 1140 2989 nemorum,
1164 2952 1255 2981 non
1276 2939 1427 2982 mollia
1448 2948 1638 2996 possunt

357 3005 490 3049 Prata
509 3021 687 3051 movere
709 3009 922 3061 animum,
946 3025 1037 3053 non
1060 3011 1136 3068 qui
1157 3026 1236 3068 per
1258 3027 1363 3055 saxa
1382 3013 1563 3057 volutus

358 3078 516 3122 Purior
537 3081 698 3123 electro
720 3097 927 3139 campum
950 3083 1059 3139 petit
1079 3084 1248 3136 amnis3
1282 3091 1327 3127 at
1347 3084 1437 3128 ima

357 3148 603 3195 Solvuntur
622 3153 772 3204 latera,
795 3161 928 3211 atque
949 3155 1103 3198 oculos
1126 3161 1282 3212 stupor
1302 3162 1432 3212 urget
1452 3157 1629 3209 inertes,

354 3221 427 3265 Ad
448 3230 698 3282 terramque
720 3225 818 3268 fluit
840 3225 1006 3269 devexo
1028 3226 1223 3282 pondere
1244 3228 1405 3271 cervix.

121 3333 520 3404 Pertinebant‚
554 3340 745 3407 credO,
778 3339 900 3396 haec
932 3342 1129 3399 onmia
1159 3343 1230 3399 ad
1264 3344 1534 3400 morbum
1566 3345 1695 3420 jam
1722 3346 1879 3420 jam-

120 3449 233 3503 que
290 3431 683 3507 ingruentem.
780 3436 895 3492 Sed
950 3438 1236 3496 industria
1284 3441 1536 3514 quadam
1584 3443 1878 3517 exquisita

797 3625 819 3654 P
848 3619 1002 3674 Geory.
1027 3633 1068 3676 3.
1093 3631 1193 3677 517.
