2288 4036
200 284 354 317 PRAEL.
376 282 561 314 xxxix.
662 262 799 312 Eum
825 259 1143 311 Platonicum
1164 276 1211 311 se
1224 259 1478 329 profiteri.
1843 259 1950 311 783

204 410 477 483 ipsorum,
509 405 608 479 qui
647 403 987 478 loquuntur,
1019 408 1240 459 certam
1279 401 1535 476 aliquam
1577 400 1947 475 opinionem:

205 504 344 578 quin
385 503 444 558 id
484 502 680 577 potius
721 500 832 576 agi,
862 506 930 556 ut
970 518 1136 556 suam
1172 497 1646 555 imbecillitatem
1693 497 1953 554 fateatur

204 599 360 656 ultro
411 598 659 663 Natura,
713 614 892 670 seque
950 595 1258 671 significet,
1317 613 1567 650 moerore
1626 570 1951 668 abreptam,

205 695 508 753 oculorum
559 694 744 769 magis
795 711 973 767 quam
1026 692 1204 748 animi
1255 692 1482 766 judicio
1535 690 1665 747 uti?
1740 690 1953 758 Qualia

202 792 391 849 multa
441 790 662 846 habent
715 788 1083 846 Sacrosancti
1134 789 1313 844 etiam
1367 787 1570 855 Libri;
1629 789 1952 862 praesertim

204 890 304 946 ubi
355 907 417 945 se
462 887 662 944 dedita
706 905 881 961 opera
929 885 1208 951 demittit,
1254 891 1321 941 ut
1373 885 1457 941 ita
1501 884 1709 951 dicam,
1757 885 1954 941 divina

204 984 463 1051 Bonitas,
494 1002 686 1057 neque
727 982 801 1038 ad
843 982 948 1038 has
992 982 1360 1056 quotidianas
1403 980 1741 1037 mortalium
1787 1000 1954 1038 curas

203 1088 264 1137 et
293 1080 539 1137 affectus
568 1079 923 1136 descendere
955 1079 1207 1135 dubitat.

288 1176 599 1251 Exemptis
641 1177 841 1250 itaque
882 1176 940 1231 id
984 1194 1171 1251 genus
1212 1173 1514 1249 scrupulis,
1548 1176 1850 1230 veniamus
1880 1175 1955 1229 ad

202 1274 318 1341 illa,
350 1273 561 1347 quibus
592 1291 652 1328 se
683 1271 877 1347 palam
908 1272 1218 1347 profitetur
1244 1270 1534 1347 Virgilius
1563 1291 1683 1327 non
1715 1270 1955 1346 Epicuri

205 1371 304 1426 sed
339 1369 623 1437 Platonis,
654 1388 755 1426 seu
786 1369 973 1425 mavis
1006 1368 1376 1444 Pythagorae,
1407 1369 1756 1425 auditorem.
1820 1367 1955 1435 Quo

205 1466 265 1521 in
308 1484 525 1542 genere
574 1467 791 1540 primas
836 1473 1045 1521 tenent
1091 1465 1274 1539 (quod
1318 1472 1535 1522 norunt
1580 1466 1808 1539 omnes)
1840 1465 1959 1520 duo

205 1562 525 1637 praesertim
567 1561 709 1618 loca.
806 1560 967 1617 Nam
1010 1567 1071 1617 et
1108 1561 1168 1615 in
1201 1560 1400 1636 Elysio
1432 1559 1725 1617 Anchises
1770 1560 1958 1616 filium

206 1661 396 1726 docet,
421 1659 712 1716 Academi
745 1678 909 1733 paene
939 1659 1077 1726 ritu,
1111 1658 1407 1733 egregiam
1438 1657 1599 1714 illam
1633 1659 1705 1713 de
1736 1656 1959 1712 Anima

206 1755 444 1821 Mundi,
471 1755 815 1830 Spirituque
846 1774 951 1830 per
981 1756 1177 1810 omnia
1208 1754 1433 1818 diffuso,
1461 1755 1813 1810 sententiam
1839 1773 1852 1820 ;
1898 1761 1960 1809 et

204 1855 263 1909 in
310 1852 521 1908 ultimo
571 1851 997 1927 Georgicorum
1045 1850 1192 1907 libro
1238 1851 1486 1907 eandem
1542 1870 1657 1906 non
1714 1851 1961 1907 obscure

207 1950 386 2006 tradit
418 1945 659 2006 Poetad.

445 2071 529 2114 His
552 2071 735 2129 quidam
757 2071 913 2128 signis,
936 2078 1068 2128 atque
1087 2070 1184 2115 haec
1207 2071 1407 2127 exempla
1429 2071 1584 2121 secuti,

441 2143 552 2186 Esse
575 2143 734 2200 apibus
755 2150 927 2200 partem
951 2142 1113 2186 divinae
1134 2142 1312 2194 mentis,
1336 2150 1378 2185 et
1399 2142 1589 2185 haustus

441 2215 669 2259 AEtherios
693 2215 866 2258 dixere:
903 2216 1053 2259 Deum
1075 2230 1268 2273 namque
1288 2215 1350 2258 ire
1371 2230 1449 2272 per
1470 2229 1625 2258 omnes

439 2287 686 2346 Terrasque
706 2295 963 2346 tractusque
984 2289 1118 2331 maris
1142 2289 1387 2345 caelumque
1409 2287 1683 2344 profundum
1703 2304 1712 2329 ε

442 2359 561 2403 Hinc
582 2359 792 2416 pecudes,
815 2367 1027 2410 armenta,
1049 2360 1183 2411 viros,
1207 2374 1349 2416 genus
1374 2374 1506 2402 omne
1528 2359 1739 2409 ferarum,

444 2432 679 2496 Quemque
701 2432 786 2475 sibi
806 2439 962 2475 tenues
985 2440 1241 2475 nascentem
1263 2446 1484 2474 arcessere
1504 2431 1616 2474 vitas
1634 2448 1644 2473 ε

444 2502 620 2547 Scilicet
640 2503 730 2546 huc
753 2502 879 2546 reddi
901 2502 1060 2546 deinde
1082 2517 1131 2546 ac
1154 2503 1349 2545 resoluta
1370 2502 1520 2545 referri

444 2574 636 2626 Omnia3
670 2590 751 2618 nec
775 2575 906 2618 morti
928 2589 1023 2618 esse
1044 2575 1194 2617 locum
1207 2592 1219 2625 3
1255 2573 1332 2617 sed
1355 2574 1454 2617 viva
1474 2575 1622 2617 volare

444 2645 609 2713 Sideris
631 2647 678 2689 in
700 2661 954 2697 numerum,
977 2652 1108 2704 atque
1129 2647 1217 2689 alto
1241 2644 1474 2688 succedere
1497 2646 1619 2688 caelo.

291 2755 458 2812 Fecit
479 2755 771 2822 videlicet,
794 2761 861 2810 ut
884 2756 1118 2830 utrique
1138 2756 1298 2830 operi
1318 2755 1656 2811 infunderet
1676 2755 1960 2810 eximium

208 2851 502 2925 quoddam
534 2850 736 2906 lumen
759 2851 1029 2926 pietatis:
1076 2870 1211 2907 cum
1236 2859 1296 2907 et
1320 2851 1526 2926 apibus
1551 2852 1687 2918 suis,
1714 2870 1961 2925 quarum

207 2966 404 3004 amore
434 2947 731 3023 praecipue
763 2966 824 3004 se
854 2947 983 3021 capi
1015 2946 1445 3022 significaverit,
1471 2946 1637 3003 illum
1672 2953 1733 3002 et
1764 2953 1961 3002 ortum

208 3052 269 3101 et
300 3044 479 3100 finem
519 3044 822 3111 tribueret,
855 3045 953 3119 qui
995 3041 1201 3100 caelum
1246 3062 1381 3099 cum
1425 3050 1580 3099 terra
1625 3044 1963 3099 arctissimis

211 3147 588 3197 connecteret
636 3140 882 3197 vinculis
902 3160 914 3207 ;
961 3147 1021 3196 et
1065 3159 1169 3215 per
1199 3160 1435 3196 omnem
1474 3140 1719 3197 heroum
1751 3142 1962 3197 seriem

210 3237 268 3292 id
311 3238 484 3294 unice
522 3244 763 3294 cautum
795 3236 993 3302 vellet,
1025 3238 1230 3311 nequis
1271 3237 1610 3294 mort-alium
1658 3257 1719 3294 se
1765 3256 1963 3293 suum-

216 3352 283 3388 ve
328 3333 603 3390 saeculum
644 3335 888 3391 auderet
925 3333 1033 3390 sibi
1080 3332 1185 3390 soli
1229 3334 1541 3398 vindicare,
1575 3353 1723 3390 neve
1755 3353 1816 3390 se
1850 3335 1963 3390 dis-

203 3428 523 3504 jungerent
546 3431 813 3488 homines
843 3430 964 3487 ullo
996 3437 1261 3504 tempore
1286 3431 1407 3486 sive
1437 3450 1470 3487 a
1500 3431 1816 3504 majoribus
1841 3430 1962 3485 sive

886 3603 908 3633 d
945 3604 1100 3658 Geory.
1123 3618 1164 3656 4.
1191 3617 1290 3659 219.
