2288 4036
149 227 489 264 PRAEL.XXV11.
570 209 698 260 Cum
727 207 951 260 Hierone
962 205 1298 274 familiarius
1323 221 1433 256 eum-
1459 222 1619 273 ayere.
1795 207 1903 259 547

233 350 376 408 Post
414 349 629 425 paulIO,
661 348 1004 423 Damophili
1048 367 1267 405 nomen
1310 348 1557 422 scriptor
1599 346 1794 422 palam
1838 355 1901 404 et

149 454 348 522 aperte
390 447 693 513 nominat3
758 445 963 501 multis
1014 451 1076 501 et
1133 443 1430 519 praeclaris
1490 443 1648 510 loeiS,
1697 443 1900 517 quales

148 541 337 599 solent
371 560 497 598 esse
533 541 996 615 deprecantium,
1027 540 1090 595 in
1130 539 1255 614 ejus
1295 539 1402 594 viri
1442 537 1694 614 gratiam
1738 538 1903 595 adhi-

148 634 333 696 bstssk

909 716 1042 774 φαντὶ
1063 714 1100 758 δ’
1122 715 1252 771 ἕμμεν

321 787 435 833 τοῦτ’
457 787 749 845 ἀνιαροτάτου,
772 787 883 830 καλὰ
902 785 1182 844 γιγνώσκοντ’
1205 785 1366 843 ἀνάγκᾳ

320 859 440 905 ἐκτὸς
462 860 578 916 ἔχειν
596 859 722 903 πόδα·
758 858 825 901 καὶ
850 858 934 914 μὰν
954 856 1266 903 κεῖνος”Ατλας
1294 857 1459 916 οὐρανῷ

319 930 613 988 προσπαλαίει
634 934 707 975 νῦν
726 949 777 988 γε
797 932 996 987 πατρώας
1016 930 1100 973 ἀπὸ
1121 931 1201 988 γᾶς
1221 928 1305 973 ἀπό
1327 947 1373 972 τε
1396 929 1590 972 κτεάνων·

323 1005 436 1047 λῦσε
458 1002 504 1046 δὲ
527 1002 630 1047 Ζεὺς
649 1002 834 1060 ἄφθιτος
854 1004 1046 1047 Τιτᾶνας·
1081 1001 1126 1046 ἐν
1146 1000 1193 1045 δὲ
1212 1002 1356 1059 χρόνῳ

318 1075 574 1131 μεταβολαὶ,
595 1075 805 1132 ληξάντος
826 1077 970 1132 οὔρου,

325 1164 488 1191 ιστιωνο

237 1249 395 1305 Illud
451 1249 717 1325 profecto
769 1250 988 1306 eximie
1041 1248 1437 1314 Pindaricum,
1492 1248 1651 1322 quod
1701 1249 1762 1304 in
1810 1255 1903 1305 tot

146 1346 441 1419 tantisque
487 1346 757 1421 negotiis,
802 1352 1091 1420 tantoque
1136 1343 1322 1400 veluti
1369 1343 1579 1419 pelago
1623 1344 1903 1401 fabulosae

145 1441 528 1516 antiquitatis,
574 1441 864 1517 significat
908 1460 970 1497 se
1017 1440 1163 1496 nihil
1209 1446 1334 1496 tam
1374 1438 1760 1496 vehementer
1802 1460 1904 1497 cu-

145 1556 317 1604 rasse,
339 1556 515 1611 quam
545 1557 620 1594 ne
651 1557 826 1594 causa
848 1538 1086 1594 caderet
1116 1535 1340 1605 amicus
1370 1554 1524 1602 suus,
1551 1533 1716 1607 Θήβᾳ
1748 1531 1904 1610 ξενω-

148 1632 268 1693 θείς.
353 1632 455 1690 Sic
507 1635 667 1690 enim
718 1634 952 1711 legitur,
997 1634 1124 1709 ipso
1175 1632 1294 1689 fine
1339 1631 1726 1689 laudatissimi
1781 1651 1904 1690 car-

148 1729 339 1786 minis.

226 1824 268 1881 J
271 1843 366 1881 am
393 1825 740 1892 Hieronem,
764 1825 1167 1901 augustiorem
1200 1824 1353 1881 forte
1383 1843 1602 1899 regem,
1626 1823 1729 1880 sed
1759 1825 1904 1879 ami-

145 1921 285 1978 citia
336 1922 446 1978 sibi
492 1921 973 1997 conjunctiorem‚
1016 1921 1360 1978 familiarius
1411 1920 1609 1995 paullo
1654 1920 1902 1995 alloqui-

146 2024 258 2084 tur,
289 2026 351 2074 et
380 2036 450 2074 ea
479 2036 624 2075 voce
653 2037 782 2092 quae
826 2016 1004 2074 soluti
1049 2017 1334 2075 sermonis
1378 2016 1615 2092 propior
1650 2035 1777 2073 esse
1816 2018 1902 2072 vi-

146 2113 355 2170 deatur
373 2122 432 2170 ¹¹¹.

375 2221 517 2278 χαῖρε·
551 2220 650 2264 τόδε
670 2220 749 2276 μὲν
769 2220 874 2264 κατὰ
896 2221 1135 2264 Φοίνισσαν
1156 2218 1350 2276 ἐμπολὰν

378 2291 512 2348 μέλος
533 2292 639 2350 ὑπὲρ
660 2293 817 2338 πολιᾶς
836 2291 942 2337 ἁλὸς
960 2291 1186 2348 πέμπεται·

382 2396 394 2409 .
411 2398 422 2409 .
443 2397 453 2408 .
471 2397 481 2409 .
496 2363 624 2422 γένοι’
638 2362 727 2409 οἷος
745 2364 849 2409 ε’σσὶ
869 2364 1028 2421 μαθών·
1052 2366 1182 2409 καλός
1202 2382 1268 2407 τοι
1288 2363 1425 2407 πίθων
1439 2364 1556 2421 παρὰ
1575 2365 1741 2415 παισὶν,
1758 2362 1841 2408 αἷει

380 2436 524 2480 κάλος·
558 2438 582 2478 ὁ
604 2436 651 2480 δὲ
670 2435 960 2493 Ῥαδάμανθυς
980 2434 1027 2479 εὖ
1046 2435 1280 2493 πέπραγεν,
1304 2434 1369 2478 ὅτι
1391 2436 1563 2492 φρενῶν

377 2507 519 2564 ἔλαχε
554 2508 717 2564 κάρπον
747 2507 989 2565 ἀμώμητον,
1018 2506 1107 2551 οὐδ’
1140 2506 1350 2552 ἀπάταισι
1384 2506 1518 2564 θυμὸν
1552 2506 1751 2563 τέρπεται
1783 2507 1903 2551 ἔνδο-

438 2579 526 2623 θεν”

377 2648 447 2694 οἷα
467 2650 668 2709 ψιθύρων
687 2651 907 2708 παλάμαις
928 2649 1040 2694 ἕπετ’
1063 2651 1144 2694 alei
1163 2652 1326 2709 βροτῷ·

376 2722 545 2780 ἄμαχον
565 2724 693 2768 κακὸν
713 2723 978 2781 ἀμφοτέροις
998 2723 1224 2776 διαβολιᾶν
1243 2722 1494 2780 ὑποφάτιες.

230 2829 530 2889 Praeterea
559 2852 697 2890 eum
729 2832 995 2889 Hierone
1035 2851 1155 2888 non
1194 2837 1263 2888 ut
1293 2851 1430 2888 eum
1461 2830 1730 2888 Arcesila
1764 2851 1902 2889 oau-

146 2943 271 2983 sam
299 2928 592 3002 quandam
623 2930 748 3005 agit
786 2935 965 3004 poeta
992 2947 1097 3003 pro
1127 2946 1190 2983 re
1220 2946 1289 2984 ao
1318 2935 1605 3003 tempore,
1638 2929 1741 2984 sed
1771 2935 1901 2985 tan-

146 3041 322 3100 quam
351 3042 503 3080 unus
533 3025 658 3099 ejus
701 3024 938 3100 aequalis
970 3025 1043 3081 de
1083 3024 1246 3081 omni
1276 3025 1507 3081 ratione
1536 3025 1775 3082 vivendi
1809 3044 1900 3081 re-

145 3136 282 3193 gem
312 3119 596 3177 admonet
613 3128 661 3177 ¹¹.

319 3244 467 3288 ἀστῶν
499 3245 535 3288 δ’
565 3245 672 3289 ἀκοὰ
704 3245 888 3305 κρύφιον
918 3246 1054 3304 θυμὸν
1082 3246 1258 3304 βαρύνει
1287 3246 1465 3305 μάλιστ’
1488 3247 1692 3292 ἐσλοῖσιν
1723 3246 1788 3292 ἐπ’
1820 3248 1899 3291 ἀλ-

378 3316 583 3372 λοτρίοις.

320 3385 418 3429 ἀλλ’
442 3385 569 3444 ὅμως,
592 3388 793 3446 κρέσσων
813 3390 896 3447 zap
918 3389 1139 3447 οἰκτιρμοῦ
1160 3390 1338 3448 φθόνος,

231 3547 245 3578 ¹
277 3549 404 3606 Pyth.
432 3567 475 3605 4.
498 3564 599 3606 510.
837 3559 875 3582 m
906 3553 1018 3596 Ibid.
1045 3567 1086 3598 2.
1114 3566 1212 3612 125.
1462 3561 1481 3579 ‘¹
1516 3553 1625 3597 [bid.
1655 3568 1691 3596 1.
1722 3553 1819 3597 162.

955 3644 997 3682 N
1030 3647 1067 3683 n
1102 3633 1136 3682 2
