2288 4036
362 1253 844 1324 MONITUM
899 1257 1031 1324 DE
1086 1255 1416 1323 PERSIS
1469 1253 1947 1322 AESCHYLI.

390 1675 754 1743 OSTQUAM
792 1697 821 1730 e
859 1697 1018 1731 manu
1056 1679 1259 1732 exierat
1291 1697 1357 1731 63,
1392 1683 1694 1730 nostrarum
1728 1676 2032 1728 chartarum

422 1774 594 1831 parsa,
629 1782 735 1834 qua
773 1765 838 1816 de
879 1765 1164 1816 Persarum
1201 1764 1428 1816 fortunis
1464 1764 1533 1814 ab
1568 1762 1829 1830 AEschylo
1867 1760 2032 1812 irrisis

281 1848 683 1917 disputavimuS,
704 1849 1018 1918 significavit
1037 1850 1164 1901 mihi
1191 1851 1378 1901 doctus
1398 1848 1612 1918 quidam
1637 1847 1852 1909 amicus,
1876 1864 2032 1915 quem

281 1932 495 1984 honoris
533 1953 706 1996 causa,
741 1935 782 1985 si
819 1935 1019 1998 liceret,
1046 1934 1392 1994 nominarem,
1421 1932 1665 1984 dubitare
1698 1949 1759 1982 se
1796 1930 2032 1999 aliquan-

280 2024 396 2069 tum
423 2019 487 2070 de
516 2019 717 2088 judicio
743 2027 941 2072 nostrO.
1019 2020 1152 2072 Cum
1181 2025 1362 2071 autem
1388 2036 1492 2069 non
1518 2016 1704 2069 leviter
1728 2016 1840 2085 ejus
1870 2015 2031 2067 ratio—

280 2103 434 2154 nibus
471 2110 764 2157 commotus
805 2123 991 2168 essem,
1025 2110 1243 2174 rogatus
1281 2104 1392 2172 ipse
1428 2121 1527 2172 pro
1565 2120 1661 2154 sua
1697 2101 2031 2153 humanitate

279 2189 556 2250 concessit,
583 2195 643 2242 ut
667 2190 722 2240 in
753 2195 962 2259 partem
988 2189 1160 2259 operis
1185 2189 1387 2241 veniret
1413 2189 1526 2257 ejus
1552 2189 1617 2239 de
1652 2206 1715 2239 ea
1741 2187 2032 2256 quaestione

282 2273 538 2343 Epistola.
592 2274 767 2344 Ipsius
793 2275 973 2344 itaque
993 2276 1154 2327 verba
1179 2274 1560 2344 subjungimus,
1580 2273 1886 2343 dignissima
1913 2291 2030 2342 quae

278 2358 348 2409 ab
388 2359 631 2411 omnibus
675 2361 1063 2429 expendantur,
1102 2359 1190 2430 qui
1235 2365 1380 2411 recte
1423 2359 1688 2410 aestimare
1726 2357 2031 2409 velint‘non

279 2443 527 2513 AEschyli
578 2445 737 2496 solius
787 2451 842 2496 et
887 2444 1291 2496 Atheniensium
1337 2443 1615 2504 rationem,
1661 2443 1754 2495 sed
1798 2443 2030 2494 omnium

281 2547 489 2597 quoque
515 2529 595 2581 vel
622 2530 939 2599 scriptor-um
964 2530 1043 2580 vel
1067 2529 1357 2590 hominum,
1387 2529 1475 2597 qui
1511 2528 1704 2579 similes
1732 2528 2031 2596 triumphos

280 2612 386 2663 ullo
423 2619 661 2682 tempore
705 2614 923 2682 egerint.
1002 2614 1134 2665 Rem
1173 2614 1342 2683 ipsam
1380 2615 1435 2664 in
1471 2612 1690 2682 ancipit-i
1730 2612 2027 2682 linquimus,

280 2716 345 2748 ne
370 2698 449 2749 vel
477 2704 647 2766 poetae
673 2698 1053 2761 laudatissime,
1082 2699 1162 2750 vel
1190 2698 1351 2750 nobili
1379 2699 1663 2750 Persarum
1688 2698 1854 2766 genti,
1871 2717 2030 2768 quam

279 2781 517 2850 proxime
547 2801 580 2833 a
615 2782 721 2833 suis
749 2782 994 2848 Hebraeis
1025 2800 1199 2834 caram
1226 2783 1451 2834 fortasse
1475 2781 1664 2833 habuit
1690 2781 1883 2833 Divina
1910 2782 2030 2834 Ma·-

273 2865 462 2933 jestas,
487 2865 773 2934 iniquiores
798 2885 912 2918 esse
932 2866 1219 2918 videamur,

340 3012 371 3031 “
388 3008 495 3051 Non
516 3007 718 3066 equidem
744 3008 782 3051 is
815 3023 929 3060 sum,
953 3009 1030 3066 qui
1058 3010 1288 3053 sententiae
1308 3017 1412 3060 tuae,
1436 3023 1570 3067 quam
1587 3008 1646 3052 de
1668 3008 1813 3051 Persis
1835 3007 2028 3066 AEschy-

279 3079 357 3122 leis
384 3077 540 3131 tulisti,
562 3095 831 3141 magnopere
862 3095 1108 3137 repugnare
1139 3081 1297 3124 ausim.
1361 3081 1530 3124 Verum
1559 3080 1607 3123 id
1628 3087 1792 3131 metuo,
1815 3095 1871 3123 ne
1895 3080 2031 3124 nimia

279 3150 506 3194 severitate
537 3151 584 3194 in
610 3151 720 3195 istos
749 3152 924 3194 criticos
955 3152 1155 3195 invectus
1187 3151 1263 3203 sis,
1287 3152 1364 3209 qui
1385 3152 1543 3195 comici
1562 3151 1766 3195 nonnihil
1784 3166 1864 3208 per
1883 3158 2029 3194 totum
2085 3174 2089 3177 ⁴

278 3222 464 3279 hujusce
493 3221 705 3265 dramatis
737 3223 864 3266 filum
895 3223 1079 3266 subesse
1110 3229 1358 3265 autumant.
1422 3222 1583 3274 Nemo,
1609 3229 1660 3265 ut
1689 3223 1862 3279 opinor,
1893 3237 2028 3265 sanus

278 3294 559 3345 existimabit,
591 3308 706 3350 opus
739 3302 831 3337 tam
846 3335 850 3338 ,
868 3293 1094 3345 decorum,
1127 3301 1219 3337 tam
1255 3294 1538 3350 splendidum
1574 3301 1705 3351 atque
1736 3294 2028 3345 elaboratum,

277 3365 409 3408 meris
438 3365 667 3409 cachinnis
698 3372 741 3408 et
769 3365 1045 3408 contumeliis
1077 3372 1120 3408 et
1141 3373 1309 3409 caeterae
1337 3366 1535 3423 ejusdem
1558 3366 1729 3422 generis
1757 3366 2030 3422 protervitati

276 3438 426 3480 locum
452 3437 500 3480 in
527 3452 659 3481 scena
687 3437 876 3481 dedisse.
940 3436 1029 3480 Sed
1057 3437 1165 3494 quid
1188 3445 1320 3489 vetat,
1344 3437 1627 3496 AEschylum,
1650 3445 1751 3494 post
1781 3444 1926 3480 tantas
1958 3453 2026 3481 res

855 3587 877 3609 a
900 3578 1018 3616 Prael.
1039 3578 1134 3616 xvii.
1163 3591 1199 3628 p.
1217 3577 1448 3626 301—-306.

1068 3645 1226 3694 3G2
