2288 4036
183 269 498 304 PRAEL.xxx1.
536 251 591 304 U
585 261 603 305 t
620 250 1054 320 Philosophorum,
1077 250 1154 302 ita
1173 250 1444 301 Poetarum
1465 254 1610 299 erant
1627 247 1795 298 Sootoe.
1824 243 1925 297 631

184 397 323 453 dum
354 398 492 453 satis
522 398 752 472 experti
784 402 978 453 essent
1013 395 1297 458 homines,
1330 410 1505 466 quam
1538 408 1741 465 parum
1777 387 1929 445 vale-

184 502 272 551 ret
300 495 360 549 in
390 493 563 550 corde
603 493 907 550 hominum
940 491 1234 567 explendo
1266 490 1405 545 vitae
1449 505 1634 563 genus
1669 504 1773 542 seu
1801 484 1931 560 phi-

183 589 542 665 losophicum
600 589 721 646 sive
771 596 1112 645 actuosum:
1164 593 1291 643 tum
1339 586 1578 641 demum
1623 584 1683 639 in
1734 582 1927 638 lucem

182 706 278 744 eas
328 686 646 753 emersisse,
690 684 847 760 (quae
904 685 1118 741 summi
1166 682 1281 740 Dei
1329 688 1419 738 est
1471 680 1744 755 bonitaS,)
1791 698 1922 735 cum

170 783 295 857 jam
339 781 669 858 intelligere
713 782 997 856 inciperet
1036 780 1283 847 Natura,
1316 798 1489 855 egere
1534 796 1595 834 se
1641 775 1744 833 tali
1782 795 1924 850 quo-

181 880 313 935 dam
345 878 571 935 solati0.

264 973 466 1031 Unum
511 974 656 1031 illud
698 974 809 1032 hoc
850 981 1116 1049 tempore
1145 973 1374 1041 addam,
1405 991 1480 1029 ne
1511 972 1604 1029 cui
1636 971 1787 1027 forte
1822 990 1928 1027 nos

179 1072 239 1127 in
267 1070 376 1128 hac
406 1089 469 1126 re
503 1070 804 1127 videamur
847 1071 1263 1128 somniantium
1311 1069 1497 1145 magis
1527 1088 1703 1143 quam
1742 1068 1929 1144 philo-

178 1167 551 1243 sophantium
614 1167 868 1225 similes:
935 1168 1193 1242 pendere
1252 1166 1712 1241 disputationem
1775 1165 1925 1222 hanc

178 1283 410 1321 omnem
443 1282 519 1320 ex
550 1282 621 1320 eo
651 1264 1022 1338 potissimum
1054 1263 1405 1330 discrimine,
1434 1263 1590 1336 quod
1627 1262 1687 1317 in
1717 1269 1927 1318 natura

177 1368 304 1418 tum
342 1378 536 1416 rerum
567 1367 696 1415 tum
733 1359 1041 1415 hominum
1072 1378 1306 1433 quoque
1346 1358 1637 1414 radicibus
1674 1358 1922 1414 infixum

175 1456 408 1533 penitus
465 1455 705 1513 haereat.
799 1455 1037 1529 Nempe
1088 1473 1319 1511 summa
1370 1453 1483 1510 Illa
1540 1474 1607 1510 ac
1665 1454 1927 1529 perfecta

175 1554 418 1611 Bonitas
466 1552 684 1628 duplici
732 1553 917 1608 ferme
975 1550 1152 1607 modo
1211 1550 1459 1607 derivari
1518 1570 1579 1607 se
1628 1550 1814 1607 voluit
1865 1552 1923 1608 in

174 1652 413 1708 miseros
456 1658 634 1725 atque
679 1668 859 1725 aegros
902 1645 1212 1704 mortales:
1260 1666 1388 1721 quae
1422 1647 1638 1722 partim
1669 1648 1926 1705 declare-

174 1756 271 1805 tur
311 1749 583 1804 universa
624 1746 734 1804 hac
777 1745 983 1801 mundi
1029 1762 1329 1820 compage,
1378 1751 1439 1801 et
1491 1747 1784 1802 constanti
1837 1766 1923 1802 re-

171 1863 302 1900 rum
343 1844 628 1911 omnium,
659 1862 792 1917 quae
838 1840 1022 1899 oculis
1067 1847 1403 1906 cernuntur,
1447 1840 1665 1907 ordine,
1710 1842 1924 1916 partim

170 1939 475 1997 flectendis
504 1958 698 1995 rerum
741 1938 1132 1994 humanarum
1163 1936 1422 1992 habenis.
1512 1934 1718 2011 Atque
1747 1956 1821 1993 ex
1855 1957 1925 1994 eo

169 2037 370 2093 statim
416 2036 626 2092 videtis
679 2035 871 2092 enasci
925 2034 1187 2109 potuisse
1239 2032 1538 2108 duplicem
1586 2052 1703 2088 non
1746 2035 1923 2090 modo

171 2133 423 2191 Poeseos
454 2152 657 2190 verum
697 2133 875 2188 etiam
910 2130 1307 2206 Philosophiae
1338 2137 1578 2199 sectam,
1607 2131 1732 2206 ejus
1765 2131 1924 2187 vide-

169 2230 324 2298 licet,
357 2250 490 2305 quae
520 2230 592 2286 ad
630 2236 862 2285 terrena
892 2229 1218 2304 pertineat:
1258 2235 1435 2302 prout
1464 2228 1677 2304 cuique
1708 2228 1921 2285 feriant

169 2326 431 2383 animum
462 2326 872 2382 vehementius
914 2344 1018 2382 seu
1060 2343 1152 2380 res
1195 2324 1498 2380 hominum
1540 2325 1662 2380 sive
1698 2324 1822 2381 caeli
1853 2344 1920 2382 ac

168 2430 454 2479 terrarum
513 2421 757 2478 deliciae.
862 2421 1075 2495 Itaque
1139 2427 1209 2476 ut
1276 2420 1482 2477 habuit
1543 2420 1922 2495 Philosophia

168 2526 437 2576 veterum
481 2517 616 2574 hinc
650 2516 1072 2593 Pythagoricos
1111 2535 1264 2583 SUOS,
1301 2515 1463 2573 illinc
1495 2515 1746 2586 Ionicos,
1780 2537 1922 2592 qua-

168 2634 296 2671 rum
355 2613 708 2671 familiarum
764 2613 950 2669 altera
1006 2611 1314 2686 spectabat
1367 2612 1497 2668 caeli
1555 2620 1808 2680 meatUS‚
1858 2620 1920 2669 et

90 2711 92 2713 '
166 2729 375 2767 arcana
420 2709 689 2777 Naturae,
734 2709 919 2766 altera
976 2709 1234 2784 ponebat
1280 2706 1517 2765 omnem
1570 2729 1806 2785 operam
1859 2711 1920 2766 in

171 2803 326 2860 vario
379 2802 654 2859 Fortunae
706 2802 854 2870 lusu,
907 2810 1086 2878 atque
1136 2803 1195 2858 in
1252 2803 1513 2860 moribus
1565 2810 1625 2860 et
1679 2803 1920 2861 urbibus

167 2898 504 2955 hominum:
560 2899 642 2955 sic
689 2898 1007 2955 Poetarum
1048 2899 1227 2955 etiam
1275 2899 1387 2954 arti
1439 2918 1556 2955 non
1604 2899 1920 2956 defuerunt

167 3011 272 3050 sua
301 2992 565 3059 divortia,
597 2991 772 3049 simili
803 2991 988 3049 ferme
1018 2991 1149 3068 lege
1180 2993 1354 3048 facta.

251 3086 387 3144 Hoc
418 3107 600 3144 unum
632 3089 890 3145 maxime
919 3089 1252 3144 interfuisse
1279 3089 1450 3145 video
1481 3088 1636 3145 inter
1663 3087 1918 3163 philoso-

167 3183 416 3258 phorum
460 3184 748 3240 rationem
789 3191 851 3240 et
891 3191 1216 3259 poetarum,
1247 3185 1404 3259 quod
1447 3185 1506 3240 in
1547 3184 1719 3242 Poesi
1758 3185 1917 3260 prius

169 3280 354 3355 viguit
415 3279 803 3337 Homericum
854 3288 916 3336 et
964 3287 1271 3337 actuosum
1317 3300 1542 3357 genus;
1601 3282 1674 3338 de
1720 3300 1916 3338 rerum

166 3381 390 3443 natura,
415 3376 605 3451 deque
636 3395 905 3433 arvorum
938 3376 1123 3445 cultu,
1154 3376 1335 3434 serior
1362 3376 1561 3452 paullo
1590 3385 1736 3433 aetas
1766 3377 1918 3433 ceci-

166 3470 273 3526 nit.
361 3470 534 3538 Quod
566 3479 770 3528 contra
800 3473 1034 3547 penitus
1064 3472 1262 3529 evenit
1305 3472 1363 3528 in
1410 3472 1617 3529 studiis
1648 3472 1916 3529 Philoso-

164 3565 330 3643 phiae.
421 3566 553 3625 Nisi
586 3568 738 3625 forte
768 3570 1002 3626 cuidam
1047 3569 1273 3626 inanior
1309 3569 1459 3626 solet
1491 3570 1672 3628 videri
1706 3569 1915 3627 decan-
