2288 4036
959 244 1319 296 INDEX.

237 387 288 419 ea
310 372 421 416 ratio
451 386 475 415 e
500 370 801 414 Barbarorum
829 370 1094 438 Annalibus,

238 442 428 488 50—55.
467 429 713 486 displicebit
734 430 966 487 plerisque,
988 429 1093 473 xxii.

234 503 340 543 414.
379 503 471 532 non
495 488 670 531 obstare
701 488 740 530 ei
770 502 866 531 sera
892 487 1095 531 Pastora-

237 547 349 590 lium
368 547 506 598 initia,
528 561 631 589 xxx.
655 544 756 603 613.

180 606 362 649 Poeseos
381 619 521 649 vocem
540 604 672 647 latius
694 611 855 660 patere,
877 604 922 647 ii.
947 618 1017 658 24.
1049 604 1097 647 in

201 715 206 719 .
236 663 407 707 caeteris
425 663 593 706 artibus
609 663 828 729 usurpari,
842 662 903 706 iii.
913 663 1095 719 passim.

180 722 331 765 Poesis
350 722 516 765 Latina
541 735 632 764 non
661 721 754 764 sine
776 721 974 764 Numine
995 721 1096 764 Vir-

239 780 396 882 gili6um
442 780 687 837 principem
735 779 907 831 habuit,
947 779 1096 823 xxxvi.

180 848 341 940 Ροζῗω
355 911 435 940 cur
465 895 751 954 optimatibus
788 895 976 946 faveant,
1006 894 1096 939 xiii.

241 969 327 998 220
358 955 437 998 &c.
488 961 696 998 contactu
725 954 913 998 aliorum
944 954 1098 997 Poeta-

238 1028 341 1056 rum
362 1013 489 1064 fiunt,
511 1014 599 1057 xvi.
623 1012 723 1070 276.
766 1027 845 1056 cur
866 1027 889 1055 e
911 1012 1098 1070 singulis

240 1071 509 1115 carminibus
523 1086 615 1114 non
629 1072 716 1114 sint
724 1070 969 1128 judicandi,
978 1071 1097 1114 xxiv.

240 1129 342 1187 467.
395 1129 620 1187 quomodo
653 1130 723 1173 vel
757 1129 958 1173 mercede
993 1144 1098 1173 con-

241 1188 364 1231 ducti
400 1203 535 1231 suum
570 1203 742 1231 servare
776 1187 963 1244 possint,
995 1199 1098 1254 475.

239 1246 442 1303 augur-io,
484 1261 577 1290 non
621 1246 804 1304 judicio,
851 1246 1099 1303 provincias

241 1304 457 1373 deligunt,
479 1320 582 1348 xxv.
605 1319 705 1371 490.
728 1319 838 1371 ‘quo
863 1303 1099 1348 commodo

234 1363 410 1421 jejunas
422 1363 614 1406 habeant
629 1363 836 1420 origines,
851 1377 953 1420 491.
985 1377 1098 1420 opus

204 1462 205 1465 ,
241 1436 396 1465 8οιιιιιι
426 1436 452 1465 a
473 1421 665 1464 Pindaro
687 1421 974 1478 descriptum,
996 1434 1098 1478 509.

240 1479 482 1531 hilariores,
504 1479 732 1523 communi
755 1479 938 1537 quidam
966 1494 1101 1546 sensu

241 1538 322 1589 uti,
363 1539 482 1582 xxvi.
519 1537 621 1593 526.
686 1537 917 1581 Nobilium
956 1537 1099 1589 amici,

241 1596 375 1640 xxvii.
398 1608 499 1653 543.
542 1596 804 1654 popularis
793 1611 841 1639 ιιι
868 1611 942 1639 808
963 1596 1101 1647 favor,

243 1665 346 1709 551.
388 1655 435 1698 in
462 1654 596 1698 rebus
625 1655 780 1698 amatis
800 1655 971 1698 facilius
994 1654 1102 1713 quid

243 1713 379 1757 velint
400 1720 716 1779 exsequuntur,
738 1712 855 1756 xxix.
878 1712 979 1757 606.
1022 1727 1102 1756 cur

243 1771 291 1814 in
306 1771 462 1816 mediis
480 1771 644 1815 deliciis
659 1770 895 1829 aliquando
910 1786 956 1814 se
969 1778 1102 1815 cantu

242 1831 403 1881 levent,
427 1831 546 1873 xxxi.
570 1830 671 1888 629.
713 1845 868 1873 eorum
888 1836 931 1873 et
953 1829 1102 1873 Philo-

242 1888 487 1945 sophorum
518 1896 646 1932 sectae
678 1888 857 1939 eaedem,
884 1888 1103 1932 contrario

242 1946 411 1998 ordine,
429 1947 529 2004 631.
559 1947 740 1990 fuerunt
757 1946 977 1991 Gentibus
995 1946 1103 1990 Pro-

243 2004 480 2062 phetarum
499 2006 612 2056 loco,
635 2006 696 2049 xl.
719 2006 821 2062 809.

186 2020 330 2108 Poetoe
349 2064 560 2115 Minores,
584 2078 664 2107 cur
683 2064 744 2107 ita
762 2070 992 2116 vocentur,
1013 2063 1102 2108 xvi.

245 2123 344 2165 282.
389 2137 469 2165 cur
489 2097 742 2173 aff'erantur,
767 2122 867 2179 285.

185 2181 328 2224 Poenae
343 2187 512 2224 atroces
528 2195 620 2223 non
636 2180 833 2224 Homero
850 2178 929 2223 sed
942 2180 1104 2223 saeculo

242 2238 506 2290 tribuendae,
522 2252 595 2282 xv.
616 2249 716 2293 251.
749 2253 984 2295 poenarum
1003 2245 1106 2295 post

242 2304 434 2341 mortem
446 2297 565 2355 apud
578 2297 847 2355 AEschylum
859 2296 985 2349 ratio,
1000 2296 1104 2340 xxii.

244 2369 347 2410 422.

187 2413 446 2458 Poenitentes
467 2413 692 2472 quomodo
719 2428 766 2457 se
793 2413 979 2471 erigant,
1000 2413 1104 2456 xxii.

278 2486 301 2515 2

187 2483 454 2574 Pgniientioe
475 2536 800 2597 contemptores
821 2544 847 2573 a
864 2529 1007 2573 Furiis
1027 2528 1105 2572 ad·-

246 2589 459 2640 umbrari,
482 2589 588 2632 xxii.
611 2603 711 2644 424.

188 2647 379 2691 Politia-a
419 2647 625 2705 quaedam
666 2647 720 2690 de
760 2645 1023 2690 Prometheo
1064 2652 1108 2689 et

249 2705 409 2757 Persis,
431 2706 551 2750 xviii.
575 2719 677 2763 313.

189 2763 403 2808 Pollionis
418 2764 652 2822 Virgiliani
670 2763 797 2815 ratio,
819 2762 970 2806 xxxix.
990 2762 1089 2828 787

190 2822 442 2880 Polyphemi
461 2829 654 2874 antrum,
676 2822 735 2865 xi.
755 2832 852 2879 173.
888 2822 1001 2864 luxu
1022 2821 1106 2864 d1f-

247 2881 405 2932 fluens,
431 2881 528 2924 182.
576 2881 712 2932 canis,
745 2836 865 2937 apud
894 2879 1104 2923 Theocri-

221 2946 361 2991 tum,
383 2940 504 2982 xxxi.
527 2938 628 2996 638.

190 2999 379 3064 Popius
409 2997 566 3041 cecinit
620 2998 787 3041 crinem
843 2995 1106 3048 abscissum,

248 3055 397 3099 xxxvi.
422 3066 521 3113 722.

191 3114 429 3172 Populares
457 3114 630 3158 fabulas
662 3112 976 3164 commendari,
1002 3112 1107 3155 xxii.

250 3187 352 3227 421.

190 3232 420 3346 Pogyoeenae
439 3229 559 3288 apud
571 3229 830 3288 Euripidem
845 3229 971 3281 ratio,
987 3228 1108 3273 xxix.

280 3303 309 3333 0

192 3348 418 3391 Praecones
433 3346 678 3391 honorabat
693 3345 903 3398 Achilles,
917 3346 990 3389 vii.
1010 3359 1107 3402 103.

208 3448 210 3450 ,
249 3421 406 3450 eorum
440 3419 569 3449 voces
611 3420 636 3449 a
672 3404 864 3448 Pindaro
903 3403 1108 3456 laudatae,

250 3479 354 3507 XXV
375 3478 478 3521 493·

193 3522 491 3566 Praeliantium
519 3536 647 3565 casus
676 3521 794 3565 varie
824 3521 879 3565 ab
910 3521 1110 3587 Homero

206 3632 209 3634 ,
252 3580 432 3646 narrari,
419 3586 577 3681 ‚afflue
593 3579 828 3646 aVirgilio‚
842 3579 991 3646 xxxvi.
1010 3589 1109 3637 727.

253 3653 333 3682 cur
381 3638 428 3682 in
536 3637 663 3682 neide
712 3637 961 3689 miserrimi,
1008 3647 1108 3695 732,

254 3709 352 3754 733·

1989 248 2095 297 845

1180 371 1338 414 Preces
1358 383 1438 414 cur
1454 369 1617 426 saepius
1638 367 1837 413 obsoleta
1856 371 2010 427 lingua
2031 371 2096 415 di-

1240 435 1410 478 cantur,
1439 443 1481 472 v.
1506 428 1576 470 62.
1630 428 1832 471 solennes
1867 444 2019 473 earum
2050 432 2096 473 in

1242 486 1518 544 Cho'ephoris
1539 486 1757 538 formulae,
1772 487 1861 530 xxi.
1879 488 1981 544 388,
1995 503 2096 545 392,

1239 559 1342 602 393,
1368 559 1470 602 394,
1493 558 1594 610 400,
1617 544 1718 598 408.
1749 560 1948 611 precum
1978 547 2098 603 apud

1243 603 1473 660 Supplices
1509 603 1635 653 ratio,
1670 603 1791 645 xxiii.
1825 616 1926 661 459.
1978 605 2099 661 apud

1240 662 1484 705 Ecclesiam
1526 661 1712 704 Poeseos
1756 662 1901 705 officio
1941 663 2098 719 funge-

1239 720 1418 772 bantur,
1440 735 1545 763 xxx.
1563 718 1664 774 624.
1702 720 1982 775 precantibus
2005 721 2100 765 dari

1239 793 1390 821 rerum
1422 777 1672 822 divinarum
1702 778 1918 830 notitiam,
1946 780 2098 823 xxxix.

1182 895 1334 938 Pretia
1354 908 1502 937 rerum
1516 894 1740 938 venalium
1756 910 1835 939 cur
1850 895 1983 939 addat
2001 895 2098 939 Ho-

1240 967 1405 1004 merus,
1427 968 1471 995 x.
1491 952 1588 1008 156.

1183 1013 1472 1112 Πρευμενεὲςὸ,
1475 1007 1581 1068 quid
1612 1011 1659 1054 in
1688 1010 1833 1055 Persis
1865 1011 2097 1069 significet,

1242 1085 1332 1113 xvu

1184 1129 1353 1172 Priami
1370 1083 1630 1184 deprecatiO,
1643 1126 1701 1170 vi.
1717 1127 1788 1171 88.
1821 1143 1900 1172 cur
1915 1127 1978 1170 illi
1994 1142 2100 1171 con-

1243 1187 1420 1230 cesserit
1451 1185 1647 1228 Achilles
1682 1185 1887 1230 Hectoris
1922 1201 2100 1243 corpus,

1247 1259 1344 1288 100.
1377 1251 1537 1301 paterae
1558 1244 1596 1286 is
1612 1258 1703 1286 non
1718 1245 1924 1302 pepercit,
1939 1260 1981 1287 x.
2002 1253 2099 1302 157.

1244 1303 1428 1347 domum
1452 1303 1545 1360 ejus
1571 1302 1791 1359 praecipue
1812 1310 1969 1346 moeret
1992 1302 2100 1346 Cas-

1244 1361 1419 1412 sandra,
1441 1376 1515 1403 xx.
1538 1360 1639 1416 378.

1184 1420 1394 1464 Primarii
1414 1420 1557 1462 Poetce
1589 1418 1665 1475 qui
1685 1417 1787 1469 sint,
1809 1418 1867 1462 iv.
1882 1433 1953 1472 42.
1987 1433 2101 1462 sem-

1243 1493 1321 1535 per
1339 1477 1464 1520 initia
1485 1491 1566 1519 sua
1566 1476 1828 1542 respicient,
1843 1488 1914 1531 54
1948 1492 2102 1535 quem-

1244 1535 1488 1579 admodum
1502 1550 1548 1578 se
1563 1534 1753 1577 invicem
1772 1534 2013 1587 imitentur,
2028 1547 2102 1593 59.

1244 1609 1494 1659 paucorum
1521 1600 1650 1636 erunt
1680 1592 1928 1645 hominum,
1960 1609 2002 1637 v.
2029 1595 2102 1649 64.

1244 1653 1409 1718 partim·
1420 1651 1570 1710 quieti,
1585 1651 1746 1708 partim
1761 1652 1942 1705 actuosi,
1956 1653 2013 1696 vi.
2031 1663 2102 1719 79.

1244 1726 1323 1768 per
1352 1711 1536 1754 minima
1564 1725 1750 1768 quaeque
1774 1710 2019 1767 judicandi,
2041 1711 2101 1754 ix.

1250 1781 1347 1836 125.
1381 1768 1606 1812 interdum
1626 1768 1863 1824 plebeculae
1884 1769 2103 1822 faverunt,

1245 1828 1335 1871 xiii.
1363 1841 1461 1885 223.
1505 1827 1589 1870 sibi
1619 1827 1756 1870 ferme
1786 1834 2004 1879 constant,
2027 1843 2103 1872 xx.

1245 1898 1348 1944 355.
1389 1900 1480 1929 uno
1511 1885 1702 1942 penicilli
1721 1886 1848 1942 jactu
1871 1900 1966 1929 rem
1996 1901 2101 1929 con·

1247 1945 1415 1996 ficiunt,
1434 1955 1488 2002 37
1493 1957 1535 2000 3
1569 1945 1693 1987 lucro
1714 1951 1961 2000 apponatur
1982 1945 2104 2002 quis-

1247 2004 1347 2062 quis
1379 2004 1460 2046 erit
1491 2002 1552 2046 eis
1584 2002 1959 2054 annumerandus,
1982 2003 2103 2046 xxix.

1247 2063 1350 2128 584.
1383 2076 1542 2104 arcana
1575 2075 1598 2103 e
1620 2061 1893 2127 pervulgatis
1926 2068 2104 2112 eruunt,

1247 2120 1382 2163 xxxii.
1396 2119 1496 2177 672.
1519 2119 1672 2162 rustici
1687 2119 1771 2184 *qui
1787 2119 1891 2170 sint,
1913 2119 2104 2177 pecudes

1246 2193 1347 2222 vere
1364 2184 1527 2228 amant,
1549 2177 1714 2220 xxxvii.
1734 2187 1834 2234 747.

1189 2237 1504 2280 Primariorum
1517 2235 1681 2278 indicia
1696 2235 1822 2279 valde
1838 2235 2056 2288 subtilia,'
2046 2251 2104 2281 iv.

1248 2306 1320 2352 54.
1364 2310 1415 2339 ea
1442 2295 1660 2338 discernet
1684 2295 1760 2352 qui
1789 2306 1934 2338 mores
1963 2294 2106 2338 homi-

1247 2369 1359 2397 num
1390 2353 1527 2404 novit,
1548 2368 1591 2396 v.
1614 2352 1686 2409 56.
1730 2360 1835 2396 sunt
1862 2353 2107 2410 praesertim

1248 2413 1347 2463 tria,
1369 2410 1515 2469 57-6
1522 2425 1559 2454 1.
1601 2411 1934 2454 annumeranda
1954 2412 2015 2455 eis
2035 2413 2108 2456 vel

1249 2470 1296 2513 in
1313 2469 1531 2513 similibus
1544 2469 1743 2520 varietas,
1758 2469 1907 2513 xxviii.
1922 2469 2024 2527 567.

1190 2528 1324 2571 Proci
1375 2528 1628 2571 Ithacenses
1670 2527 1887 2571 tribunitii
1931 2528 2106 2585 generis

1250 2587 1486 2643 specimen,
1518 2585 1608 2629 xiii.
1639 2599 1740 2629 210.
1791 2587 1914 2629 nulla
1944 2587 2108 2630 virtute

1248 2644 1543 2696 redimuntur,
1560 2658 1583 2687 2
1593 2658 1610 2687 1
1621 2658 1659 2695 1,
1671 2658 1694 2687 2
1703 2658 1771 2700 19.
1804 2643 1987 2688 Numen
2000 2659 2106 2689 con-

1248 2709 1467 2755 temnunt,
1502 2714 1601 2759 215.
1653 2703 1700 2746 in
1731 2709 1932 2746 mortuos
1964 2703 2106 2747 insul-

1248 2769 1359 2813 tant,
1381 2762 1471 2805 xiii.
1496 2772 1594 2818 217.

1191 2820 1417 2922 Prgdieus,
1452 2818 1677 2876 Euripidis
1717 2819 1941 2876 magister,
1983 2819 2105 2864 xxix.

1279 2892 1307 2921 o

1191 2890 1409 2991 proscindi
1439 2950 1595 2979 sensus
1627 2950 1730 2979 cum
1760 2935 1970 2993 religione
2001 2951 2107 2980 con-

1243 2995 1455 3062 junctior,
1484 3009 1617 3038 xxxv.
1642 3004 1742 3050 710.
1789 2995 1952 3038 nostris
1987 2994 2106 3053 Phy-

1251 3054 1351 3097 sicis
1372 3054 1631 3111 plerumque
1652 3052 1789 3103 deest,
1813 3063 1911 3109 711.

1192 3111 1468 3155 Prometheus
1486 3111 1682 3154 bonitate
1702 3112 1970 3167 praecellens,
1987 3111 2108 3156 xviii.

1251 3183 1354 3228 325.
1395 3184 1475 3213 cur
1494 3169 1541 3212 in
1569 3176 1714 3226 partes
1736 3178 1862 3213 vocet
1881 3171 2107 3222 elementa,

1252 3228 1353 3286 326.
1387 3242 1466 3271 cur
1487 3227 1766 3271 advenientes
1788 3227 1990 3285 refugiat,
2004 3238 2107 3286 327.

1251 3287 1436 3330 humani
1470 3286 1642 3344 generis
1672 3286 1810 3329 vicem
1847 3286 1973 3343 gerit,
2005 3287 2107 3343 328.

1252 3345 1433 3388 meliora
1452 3351 1711 3402 auguratur,
1734 3357 1835 3400 330.

1193 3405 1469 3447 Prometheus
1495 3403 1676 3458 Iynffer,
1705 3401 1909 3459 AEschyli
1941 3401 2108 3455 drama,

1251 3462 1355 3506 xvii.
1374 3475 1474 3519 292.
1506 3462 1595 3504 xix.
1613 3475 1715 3518 333.

1194 3521 1447 3564 Promethea
1473 3520 1671 3563 Vinctum
1698 3533 1788 3585 quo
1806 3524 2004 3574 tempore
2029 3517 2108 3562 do-

1252 3579 1391 3622 cuerit
1417 3578 1676 3635 AEschylus,
1703 3577 1806 3621 xvii.
1830 3590 1930 3642 292.
1973 3591 2109 3620 moes-

1251 3637 1337 3680 tior
1396 3636 1458 3680 ibi
1518 3636 1773 3693 Theologia,
1836 3634 1955 3678 xviii.
2005 3648 2107 3692 310.

1253 3695 1494 3738 Veritatem
1529 3694 1584 3738 ab
1618 3709 1669 3737 eo
1702 3692 1971 3758 adumbrari,
2005 3707 2108 3751 311.
