2288 4036
224 297 474 331 rimam„
575 285 678 329 tum
705 277 850 346 apud
873 275 1109 328 Hebraeos
1135 283 1241 328 tum
1265 275 1411 345 apud
1439 275 1672 327 Gentiles.
1870 278 1977 332 809

225 422 359 477 dam
397 421 577 477 tacite
616 419 785 475 flexit
817 419 1248 494 Prophetarum
1292 417 1506 475 lectio:
1554 417 1835 474 credibile
1866 428 1976 486 est,
2044 448 2054 450 <

225 516 469 573 alteram
514 535 748 591 quoque
797 524 1022 591 partem
1077 534 1300 581 eorum,
1345 516 1445 590 qui
1491 516 1663 590 primi
1710 514 1977 573 CHRISTO

226 613 462 668 nomina
504 611 809 678 dederunt,
841 612 1086 668 minime
1130 612 1384 669 caruisse
1427 611 1659 687 proprio
1701 611 1975 676 subsidiO,

225 729 300 765 ne
344 709 537 765 crudis
590 710 823 783 penitus
877 716 939 765 et
986 709 1288 783 imparatis
1338 708 1602 765 acerbior
1645 716 1978 764 occurreret

226 825 395 881 sapor
423 805 523 862 ille
553 805 806 862 caelestis
838 805 1134 862 doctrinae.
1212 805 1410 874 Quare
1442 806 1741 881 perplacet
1773 823 1978 863 eorum

226 901 391 967 rati0‚
450 901 662 975 quibus
737 899 1011 956 videntur
1082 899 1301 958 Graecae
1377 900 1726 975 Latinaeque
1789 899 1978 956 literae

226 997 399 1053 simili
433 997 618 1053 ferme
649 997 814 1072 fungi
840 996 1049 1062 offici0‚
1070 997 1228 1071 quod
1253 997 1326 1052 ad
1351 995 1479 1052 illas
1510 1004 1719 1072 gentes
1742 996 1978 1061 attinet,

226 1103 404 1168 atque
435 1093 669 1150 oracula
701 1093 1151 1168 Prophetarum,
1184 1093 1338 1168 quod
1371 1093 1444 1149 ad
1477 1092 1781 1150 Hebraeos.
1872 1090 1983 1149 Vi-

227 1191 393 1247 distis
433 1198 651 1256 autem,
683 1191 743 1246 in
774 1209 904 1247 eam
951 1209 1056 1247 nos
1100 1190 1297 1247 nescio
1342 1190 1638 1264 quomodo
1676 1189 1981 1245 devenisse

227 1288 600 1353 sententiam,
647 1306 781 1343 cum
826 1286 1158 1363 Virgiliana
1200 1287 1528 1361 praesertim
1574 1292 1980 1342 tractaremus.

229 1382 495 1438 Eandem
541 1400 678 1438 vero
725 1381 899 1439 latius
943 1390 1165 1457 patere,
1196 1391 1375 1457 atque
1419 1383 1481 1438 in
1526 1383 1798 1438 universa
1841 1401 1983 1457 qua-

227 1479 393 1535 drare
425 1484 692 1534 veterum
740 1477 1043 1535 literarum
1075 1487 1480 1545 monumenta,
1515 1479 1691 1535 docet
1719 1479 1983 1534 maxima

226 1594 358 1649 pars
403 1593 626 1640 eorum,
658 1575 758 1649 qui
804 1574 1013 1631 studiis
1044 1574 1344 1643 doctrinae,
1377 1573 1645 1631 Ecclesia
1685 1582 1984 1641 nascente,

227 1672 562 1747 viguerunt.
653 1669 863 1728 Solent
907 1670 1186 1727 videlicet
1233 1670 1394 1728 illam
1442 1671 1769 1727 doctrinam
1823 1689 1983 1727 com-

227 1787 444 1844 ponere
495 1787 629 1825 cum
676 1768 1089 1844 AEgyptiorum
1141 1768 1317 1844 gazis,
1366 1775 1428 1824 et
1480 1768 1736 1842 pretiosa
1790 1767 1984 1842 supel-

226 1865 428 1932 lectili,
479 1884 608 1940 quae
658 1872 970 1940 postquam
1017 1865 1216 1922 divino
1250 1866 1420 1940 jussu
1462 1865 1521 1920 in
1554 1864 1815 1939 praedam
1859 1884 1984 1923 ces-

227 1969 381 2019 serat
441 1961 725 2029 HebraeiS‚
785 1963 1041 2037 paratior
1098 1970 1225 2018 erat
1282 1962 1451 2036 inops
1524 1960 1848 2017 multitudo
1907 1961 1981 2018 ad

227 2059 469 2115 domum
517 2057 632 2115 Dei
677 2059 854 2134 digne
899 2057 1238 2115 ornandam.
1329 2057 1524 2113 Immo
1576 2076 1694 2113 non
1748 2057 1983 2114 dubitat·

227 2156 495 2231 egregius
526 2155 765 2229 quidam
795 2155 1103 2228 utriusque
1134 2153 1462 2229 disciplinae
1492 2154 1756 2220 antistes,
1784 2153 1985 2210 Philo-

227 2251 490 2327 sophiam
550 2252 767 2326 apertis
826 2251 1017 2307 verbis
1076 2251 1158 2307 sic
1218 2269 1572 2326 componere
1630 2269 1763 2306 cum
1821 2250 1983 2326 Lege

229 2347 514 2415 Mosaica,
544 2348 707 2423 quasi
754 2347 854 2423 qui
900 2347 1214 2423 intelligat,
1260 2347 1548 2404 ambabus
1595 2347 1754 2403 idem
1799 2347 1985 2404 ferme

227 2441 484 2499 officium
515 2463 549 2500 a
579 2443 850 2519 Benigno
882 2441 1151 2498 Numine
1181 2442 1416 2498 tribuig.
1507 2449 1541 2472 ‘⁶
1572 2439 1744 2498 Sicut
1774 2441 1985 2508 enim,”

226 2537 436 2612 inquit,
468 2546 500 2569 ‘⁶
531 2558 636 2596 suo
680 2546 948 2614 tempore
997 2543 1287 2594 venerunt
1324 2555 1412 2603 ea,
1444 2556 1579 2611 quae
1618 2536 1795 2593 hodie
1836 2555 1987 2611 prae-

228 2634 516 2702 dicantur,
540 2635 623 2692 ita
653 2635 897 2710 singulis
927 2653 1031 2691 suo
1063 2641 1330 2708 tempore
1353 2633 1613 2708 praestita
1635 2641 1773 2690 sunt
1796 2634 1985 2700 dona;

228 2730 516 2797 BarbariS,
576 2750 722 2805 quos
761 2730 1097 2805 appellant,
1146 2748 1282 2786 cum
1335 2728 1497 2804 Lege
1550 2728 1984 2803 Prophetarum

229 2827 460 2893 choruS,
492 2825 717 2884 Graecis
761 2825 1158 2901 Philosophia,
1188 2843 1318 2899 quae
1357 2843 1526 2881 aures
1571 2825 1877 2899 paullatim
1910 2825 1986 2882 ad

231 2922 622 2999 Evangelium
653 2922 1009 2980 exerceret.”
1098 2921 1332 2978 Deinde
1363 2931 1495 2996 post
1526 2917 1778 2996 pau110h‚
1812 2928 1848 2952 ‘⁶
1876 2921 1916 2979 J
1920 2941 1991 2978 u-

230 3019 545 3085 daeorum,’'
553 3019 765 3094 inquit,
777 3026 808 3050 ‘⁴
820 3019 949 3076 Lex
964 3026 1106 3085 erat,
1121 3017 1571 3075 Hellenicorum
1586 3017 1983 3093 Philosophia,

230 3133 417 3189 usque
460 3114 535 3170 ad
578 3132 860 3190 magnum
906 3113 1088 3170 Illum
1132 3114 1495 3171 adventum:
1547 3114 1824 3189 deinceps
1868 3133 1986 3170 una

232 3210 498 3267 omnium
527 3211 854 3268 invitatio.'’
940 3210 1098 3278 Quid
1141 3209 1372 3268 multa?
1417 3208 1568 3268 solet
1597 3211 1755 3267 idem
1784 3211 1844 3266 in
1875 3210 1987 3268 hac

231 3308 479 3364 materie
523 3307 762 3364 liberius
807 3326 1107 3382 usurpare,
1145 3306 1306 3363 nulla
1349 3305 1649 3383 religione,
1680 3307 1846 3381 siqua
1887 3326 1993 3364 vo·-

233 3401 459 3468 cabula,
492 3421 779 3459 consensu
821 3403 1105 3469 omnium,
1137 3403 1370 3476 proprie
1400 3410 1702 3477 ponuntur
1731 3403 1790 3458 in
1821 3422 1995 3460 sanc-

469 3591 494 3620 8
527 3584 572 3627 S.
599 3583 737 3628 Clem.
763 3584 887 3629 Alex.
915 3587 1072 3629 Strom.
1097 3586 1138 3628 6.
1164 3602 1234 3639 44.
1457 3585 1480 3615 h
1513 3585 1623 3628 Ibid.
1653 3596 1747 3642 159.
