2288 4036
124 262 277 297 PRAEL.
300 217 426 294 xxir.
519 243 603 294 De
618 240 817 311 poculis
840 240 990 292 initio
1014 239 1280 309 epularum
1306 236 1492 290 libatis.
1536 295 1546 301 ,
1764 240 1871 295 497

350 379 600 437 συμποσίου
621 397 668 423 τε
687 379 817 436 χαρὶν
837 377 964 423 κᾶδός
984 395 1030 421 τε
1051 378 1252 434 τιμάσαις
1273 377 1357 429 ἔον,
1379 377 1426 421 ἐν
1447 377 1495 420 δὲ
1515 377 1661 435 φίλων

352 453 596 509 παρεόντων
618 449 720 506 θῆκέ
737 467 808 506 μιν
831 449 1020 503 ζαλωτὸν
1041 450 1288 506 ὁμόφρονος
1309 449 1443 493 εὐνᾶς·

353 524 421 567 καὶ
442 524 526 581 ἔγω
548 522 697 580 νέκταρ
719 522 865 578 χυτὸν,
892 523 1066 565 Μοισᾶν
1086 521 1224 572 δόσιν,
1247 520 1515 578 ἀθλοφόροι-ς

351 595 559 653 ἀνδράσιν
577 594 755 650 πέμπων
774 594 936 651 γλυκὺν
959 594 1121 651 καρπὸν
1141 592 1316 651 φρένος,

351 666 582 723 ἱλάσκομαι
605 664 830 722 Οὐλυμπίᾳ
851 664 992 708 Πυθοῖ
1011 683 1058 708 τε
1080 666 1372 709 νικώντεσσιν.

122 779 460 844 Neminem,
516 785 582 835 ut
633 779 855 853 opinor,
907 797 1026 834 non
1083 784 1323 834 moveat
1375 776 1715 834 dulcissima
1771 776 1873 834 illa

121 870 461 932 domesticae
501 874 726 931 laetitiae
770 875 936 948 quasi
981 874 1202 940 tabula,
1241 893 1419 949 quam
1460 873 1557 931 hic
1603 873 1874 949 depinxit

119 990 238 1027 uno
281 970 583 1045 alteroque
624 970 930 1036 versiculo,
967 978 1250 1045 tanquam
1292 970 1455 1026 aliud
1500 989 1696 1046 agenS,
1742 987 1872 1026 sua-

121 1067 388 1123 vissimus
440 1067 705 1123 omnium
754 1066 989 1123 artifex.
1077 1066 1317 1124 Videtis
1363 1084 1517 1132 vero,
1564 1065 1873 1122 scribentis

121 1163 382 1219 animum
428 1181 684 1237 quaerere
728 1162 884 1219 ultro
932 1161 1344 1219 similitudines
1396 1162 1471 1219 ab
1521 1161 1591 1218 iis
1641 1162 1874 1236 potissi-

121 1277 286 1315 mum
328 1258 519 1324 rebUS,
558 1276 688 1332 quae
732 1277 869 1314 cum
906 1258 1152 1314 victoria
1195 1258 1421 1315 ludicra
1460 1258 1737 1333 conjungi
1781 1276 1873 1314 so-

121 1353 298 1410 leant.
388 1353 615 1410 Eadem
662 1354 847 1411 ferme
889 1354 1146 1430 imagine
1201 1355 1262 1410 in
1309 1355 1518 1428 quinto
1560 1353 1873 1410 Isthmico-

120 1469 251 1507 rum
306 1458 397 1508 est
453 1469 607 1518 usuS,
655 1451 738 1507 ita
796 1457 997 1507 tamen
1056 1458 1123 1507 ut
1179 1458 1426 1526 poneret
1481 1458 1620 1506 ante
1672 1450 1873 1507 oculos

120 1565 238 1603 non
287 1553 411 1604 tam
469 1546 732 1604 florentis
782 1547 1019 1604 familiae
1061 1567 1242 1623 quam
1299 1554 1517 1605 sanctae
1576 1546 1875 1623 religionis

120 1644 418 1718 specimen
434 1652 477 1700 ⁰.

351 1757 591 1804 θάλλοντος
609 1758 775 1816 ἀνδρῶν
794 1756 851 1804 ὣς
872 1757 945 1802 ὅτε
968 1759 1218 1815 συμποσίου

354 1828 553 1888 δεύτερον
572 1832 761 1887 κρατῆρα
782 1830 1008 1875 Μοισαίων
1026 1829 1192 1886 μελέων

353 1899 552 1957 κίρναμεν
566 1900 802 1958 Λάμπωνος
816 1901 1000 1945 εὐάθλου
1019 1904 1168 1959 γενεᾶς
1187 1899 1311 1958 ὕπερ,
1326 1900 1370 1945 ἐν
1392 1899 1534 1957 Νεμέᾳ
1553 1899 1630 1956 μὲν
1645 1902 1829 1956 πρῶτον,
1840 1896 1880 1942 ὦ

407 1974 502 2023 Ζεῦ,

348 2042 421 2086 τίν
438 2042 479 2101 γ’
500 2042 637 2088 ἄωτον
657 2042 878 2101 δεξάμενοι
899 2042 1141 2101 στεφάνων·

351 2117 428 2158 νῦν
447 2114 565 2161 αὖτις
582 2114 762 2172 Ἰσθμοῦ
784 2115 978 2172 δεσπότᾳ

352 2186 624 2244 Νηρεΐδεσσί
641 2206 689 2231 τε
710 2185 983 2243 πεντήκοντα,
1005 2187 1169 2231 παίδων
1189 2186 1434 2231 ὁπλοτάτου

354 2259 571 2303 Φυλακίδα
591 2263 802 2307 νικῶντος·
837 2258 899 2315 ε’ίη
922 2259 969 2305 δὲ
990 2259 1135 2318 τρίτον

355 2332 519 2388 σωτῆρι
539 2330 852 2389 πορσαίνοντας
869 2330 1095 2391 Ὀλυμπίῳ
1116 2330 1292 2390 Αἴγιναν
1313 2330 1417 2377 κάτα

355 2401 556 2446 σπένδειν
574 2403 894 2463 μελιφθόγγοις
913 2403 1092 2452 ἀοιδαῖς.

125 2516 420 2576 Pertinuit
477 2520 723 2577 fortasse
773 2539 843 2577 ea
892 2521 1143 2577 varietas
1196 2521 1275 2576 ad
1333 2519 1590 2593 aliquam
1646 2536 1876 2584 eorum,

122 2633 372 2688 quorum
415 2614 618 2672 laudes
662 2616 1039 2682 canebantur,
1070 2615 1631 2672 dissimilitudinem.
1721 2612 1878 2689 Phy-

121 2710 372 2768 lacidam
416 2719 592 2779 certe,
639 2713 734 2769 cui
777 2712 1128 2770 celebrando
1172 2712 1443 2769 adhibuit
1481 2711 1670 2768 Poeta
1711 2710 1876 2768 illam

121 2806 286 2882 quasi
325 2806 546 2864 libandi
575 2808 906 2875 formulam,
938 2809 1152 2866 scimus
1182 2828 1252 2865 eo
1283 2815 1552 2884 tempore
1575 2809 1658 2865 ad
1688 2816 1875 2865 certa-

120 2921 259 2959 men
290 2901 668 2978 Olympicum
698 2911 990 2961 arrectum
1031 2911 1092 2960 et
1133 2905 1431 2962 intentum
1475 2904 1669 2961 fuisse.
1758 2903 1870 2960 Cu.

119 2998 203 3054 rei
246 3017 365 3055 non
407 2999 563 3057 male
607 3001 967 3075 congruebat
1009 2999 1111 3057 illa
1154 3001 1336 3058 votivi
1383 3000 1581 3076 poculi
1629 3000 1872 3056 mentio,

122 3090 217 3150 De
268 3092 526 3170 Diagora
574 3095 658 3152 nil
715 3095 836 3152 tale
894 3095 1177 3172 legimus:
1239 3104 1647 3153 memorantur
1697 3097 1874 3152 modo

120 3187 316 3263 plures
346 3192 626 3259 victoriae,
659 3192 870 3267 quibus
914 3191 1016 3249 ille
1053 3192 1333 3249 Rhodum
1378 3211 1544 3250 suam
1591 3192 1876 3250 cohones-

121 3290 364 3344 taverat.
404 3288 407 3291 ’
433 3287 848 3346 Veruntamen
877 3289 1056 3363 siquis
1086 3289 1240 3346 forte
1263 3289 1408 3346 velit
1433 3289 1739 3364 conjicere,
1766 3308 1875 3344 nu-

122 3381 372 3454 perrime
415 3385 754 3442 convenisse
801 3386 862 3441 in
912 3403 1122 3442 manus
1166 3387 1291 3460 ejus
1335 3385 1640 3442 foeminam
1684 3404 1867 3460 quan-

822 3579 839 3597 0
872 3573 1021 3616 Isthm.
1045 3584 1087 3626 5.
1118 3587 1154 3616 1.

934 3663 979 3703 K
1008 3648 1048 3703 k
