2288 4036
195 330 352 366 PRAEL.
373 328 558 364 xxxxv.
605 307 834 380 Epicuri
859 327 1002 362 amor
1021 332 1035 360 .·
1076 309 1470 379 aryurmentandi
1497 309 1761 361 temeritas
1842 309 1942 365 691

430 451 521 499 Qui
541 452 712 509 primus
734 449 931 507 potuisti,
954 449 1180 493 illustrans
1203 447 1436 492 commoda
1456 448 1572 498 vitae,

427 522 491 567 Te
512 538 686 582 sequor,
712 522 753 566 Ο
773 521 918 566 Graiae
939 521 1084 579 gentis
1108 520 1258 572 decue,
1281 521 1414 578 inque
1435 520 1524 563 tuis
1545 533 1666 563 nunc

428 596 534 639 Fixa
556 595 722 652 pedum
743 609 861 651 pono
882 594 1045 651 pressis
1068 593 1252 650 vestigia
1273 592 1427 649 signis,

427 666 473 711 N
475 683 534 711 on
556 668 615 712 ita
636 666 831 712 certandi
853 665 1057 724 cupidus,
1081 679 1216 723 quam
1239 671 1419 722 propter
1439 678 1649 715 amorem,

428 739 564 787 Quod
585 747 628 784 te
648 740 811 784 imitari
832 754 939 783 aveo
956 756 965 782 :
1001 737 1108 796 quid
1130 738 1248 781 enim
1270 736 1508 780 contendat
1528 734 1724 779 hirundo

429 811 623 870 Cycnis?
655 819 732 856 aut
753 810 964 870 quidnam
987 810 1187 853 tremulis
1209 810 1351 852 facere
1372 808 1557 851 artubus
1579 806 1700 850 hoedi

428 882 669 928 Consimile
690 885 737 927 in
758 898 894 927 cursu
914 883 1101 939 possint,
1123 896 1172 925 ac
1194 881 1319 924 fortis
1342 879 1443 938 equi
1464 879 1561 923 vis?

426 954 497 998 Tu
520 955 663 1007 Pater,
686 961 729 998 et
749 969 898 998 rerum
922 954 1158 998 Inventor:
1191 960 1243 996 tu
1263 952 1405 1010 patria
1425 951 1554 995 nobis

430 1024 696 1083 Suppeditas
718 1033 962 1082 praecepta:
996 1025 1175 1083 tuisque
1196 1039 1264 1076 ex,
1286 1025 1467 1075 inclute,
1490 1022 1670 1074 chartis,

429 1098 650 1142 Floriferis
670 1106 722 1142 ut
742 1113 845 1155 apes
866 1098 914 1141 in
935 1097 1119 1141 saltibus
1142 1096 1293 1140 omnia
1311 1096 1482 1147 limant,

429 1170 596 1215 Omnia
615 1185 698 1214 nos
720 1168 872 1214 itidem
893 1169 1173 1226 depascimur
1193 1182 1325 1211 aurea
1346 1166 1477 1218 dicta,

427 1245 588 1296 Aurea,
611 1249 823 1301 perpetua
844 1257 1016 1299 semper
1037 1240 1299 1298 dignissima
1319 1240 1425 1284 vita.

277 1351 476 1410 Etiam
505 1353 566 1409 in
590 1351 842 1427 quodam
878 1369 982 1408 suo
1014 1349 1247 1425 epilogo
1278 1355 1534 1404 mortem
1566 1353 1951 1403 contemnen-

194 1447 328 1506 dam
373 1467 499 1506 esse
545 1448 735 1513 docet,
766 1446 1043 1521 quoniam
1075 1443 1316 1510 scilicet,
1349 1451 1561 1519 praeter
1596 1442 1947 1508 Homerum,

194 1552 549 1619 caeterosque
578 1540 785 1600 heroas
803 1549 849 1607 8,

429 1663 530 1720 Ipse
552 1662 773 1719 Epicurus
795 1662 889 1706 obit
912 1660 1100 1705 decurso
1120 1660 1290 1703 lumine
1310 1659 1426 1712 vitae,

431 1734 522 1783 Qui
542 1748 685 1792 genus
707 1733 956 1778 humanum
978 1732 1158 1791 ingenio
1181 1731 1419 1789 superavit,
1441 1738 1483 1775 et
1506 1746 1660 1775 omnes

430 1807 699 1859 Praestinxit,
722 1807 870 1850 stellas
892 1812 1072 1850 exortus
1094 1805 1161 1849 uti
1181 1804 1390 1849 aetherius
1414 1803 1506 1847 Sol.

280 1910 576 1990 Equidem
599 1911 837 1991 >quoties
867 1915 962 1972 vel
998 1915 1154 1991 apud
1187 1911 1502 1971 Platonem
1535 1910 1827 1988 Sophistae
1859 1909 1954 1968 vel

196 2013 351 2088 apud
399 2012 747 2070 Ciceronem
802 2012 1078 2087 Epicurei
1127 2016 1347 2067 canunt
1400 2009 1474 2065 de
1525 2008 1787 2083 patronis
1839 2007 1957 2063 suis

112 2179 116 2182 ι
197 2108 484 2183 ejusmodi
527 2107 866 2175 cantilenas,
898 2127 1021 2164 rem
1068 2107 1242 2182 plane
1286 2105 1594 2162 ridiculam
1636 2111 1698 2160 et
1732 2104 1956 2160 fatuam

198 2224 322 2263 esse
352 2204 655 2281 intellig03
700 2205 918 2280 quippe
949 2224 1082 2278 quae
1120 2204 1276 2279 apud
1308 2201 1586 2260 ridiculos
1617 2208 1826 2277 agatur
1856 2201 1960 2256 ho-

196 2302 400 2360 mines,
489 2301 720 2361 Verum
764 2301 864 2358 ubi
912 2308 1157 2358 ventum
1189 2308 1278 2357 est
1309 2300 1383 2356 ad
1416 2298 1781 2364 Lucretium,
1813 2296 1959 2352 nihil

196 2399 341 2456 mihi
372 2400 611 2475 quidem
656 2398 828 2456 facile
868 2399 928 2454 in
969 2405 1232 2455 mentem
1264 2396 1443 2463 venit,
1475 2397 1584 2452 nisi
1626 2405 1695 2451 ut
1734 2402 1959 2470 putem,

198 2515 313 2571 qua
356 2503 481 2553 erat
520 2495 620 2552 ille
657 2496 744 2551 vir
773 2495 1168 2564 vehementia,
1204 2501 1399 2550 totum
1442 2512 1503 2550 86
1551 2492 1780 2549 dedisse
1820 2509 1958 2548 eum

198 2594 424 2650 somnio
456 2593 691 2650 cuidam
722 2611 844 2659 su0‚
872 2592 1025 2648 sicut
1054 2609 1182 2647 mos
1214 2598 1305 2647 est
1336 2590 1522 2646 ferme
1553 2588 1899 2646 amentium.

293 2687 526 2746 Deinde
583 2687 730 2745 illud
789 2687 1380 2744 animadvertendum
1439 2685 1708 2752 arbitror,
1761 2669 1962 2740 omnia

201 2786 402 2842 durius
432 2786 506 2842 ab
539 2804 610 2841 eo
642 2792 703 2840 et
734 2784 1091 2859 pertinacius
1123 2782 1360 2839 defendi
1403 2781 1607 2848 solere,
1640 2799 1816 2856 quam
1856 2799 1962 2855 pro

201 2882 512 2949 rationum,
537 2900 681 2956 quas
713 2880 999 2947 attulerit,
1032 2880 1123 2935 vi:
1170 2879 1402 2935 infirma
1430 2897 1565 2935 cum
1598 2877 1825 2943 validis,
1858 2877 1964 2932 du-

200 2976 297 3034 bia
347 2997 482 3034 cum
530 2979 721 3045 certis,
770 2977 1103 3034 mirandum
1152 2978 1214 3032 in
1269 2977 1513 3032 modum
1544 2956 1846 3032 ⁸confundi
1899 2981 1962 3030 et

202 3074 598 3132 commisceri:
651 3073 827 3149 plane
872 3074 1037 3148 quasi
1090 3080 1454 3149 argumenta,
1496 3080 1564 3127 ut
1610 3071 1797 3136 aiunt,
1842 3090 1960 3126 non

202 3170 459 3244 pondere
494 3171 596 3227 sed
641 3189 886 3227 numero
923 3170 1208 3237 aestimet3
1246 3188 1382 3226 cum
1413 3176 1614 3225 tamen
1658 3167 1960 3223 neminem

203 3264 387 3322 ferme
445 3268 710 3323 omnium
774 3266 834 3322 in
898 3265 988 3321 his
1047 3266 1222 3322 rebus
1285 3264 1609 3321 acutiorem
1678 3263 1958 3319 invenias.

205 3359 422 3418 Omnia
463 3364 588 3438 pari
637 3364 821 3420 ferme
862 3362 1237 3429 confidentia,
1267 3380 1343 3417 ne
1380 3361 1571 3417 dicam
1603 3360 1960 3425 temeritate,

206 3458 368 3514 velut
412 3479 488 3516 ex
537 3460 767 3535 tripode
810 3458 1104 3526 vaticinia,
1148 3458 1508 3533 pronuntiat.
1599 3456 1734 3512 Nec
1785 3455 1963 3511 dubie

881 3656 906 3687 ε
940 3649 1070 3692 Lucr.
1095 3662 1136 3704 3.
1166 3659 1292 3704 1055.

1006 3741 1045 3778 Y
1078 3743 1113 3798 y
1145 3728 1180 3779 2
