2288 4036
208 215 363 248 PRAEL.
395 213 544 247 xxm.
788 194 869 246 De
895 195 1106 264 Epaphi
1130 193 1402 246 natalibus,
1854 201 1960 255 449

206 339 497 397 attendite
524 337 639 406 hic,
670 356 884 413 quaeSO‚
915 339 1159 395 modum
1190 338 1594 395 curationis—

559 457 770 514 ἐπαφῶν
799 456 1019 514 ἀταρβεῖ
1048 458 1205 515 χειρὶ,
1234 458 1315 500 καὶ
1348 457 1507 515 θίγων
1536 458 1705 514 μόνον.

207 560 502 628 Quorsum
532 559 672 626 haec,
702 558 814 615 nisi
846 565 913 615 ut
952 558 1291 636 intelligant
1330 560 1618 627 homines,
1649 558 1814 616 nullo
1851 560 1961 616 nisi

205 658 300 733 pio
358 663 636 731 castoque
693 673 893 712 amore
952 674 1055 712 seu
1109 656 1375 714 Deorum
1434 658 1557 714 sive
1615 656 1959 713 mortalium

204 755 496 829 compesci
548 771 810 827 unquam
858 752 1326 811 vehementiores
1370 753 1636 821 affectus,
1681 761 1743 810 et
1789 755 1963 830 juve-

204 851 413 907 nilium
471 850 801 907 animorum
860 870 1113 907 errorem
1140 850 1162 907 ἲ
1255 850 1372 907 Sed
1443 852 1655 927 pergit,
1715 852 1959 928 augurio

203 947 558 1014 felicissimO,
582 953 780 1003 vates:

553 1068 773 1125 ἐπώνυμον
794 1067 840 1111 δὲ
861 1071 946 1111 τῶν
967 1068 1068 1112 Διὸς
1088 1067 1356 1125 γεννημάτων

554 1141 691 1196 τέξεις
711 1140 905 1184 κελαινὸν
915 1137 1140 1196 *Επαφον,
1163 1137 1210 1184 ὃς
1230 1141 1503 1197 καρπώσεται

553 1211 663 1269 ὅσην
681 1211 956 1270 πλατύρρους
978 1213 1135 1256 Νεῖλος
1155 1210 1323 1268 ἀρδεύει
1343 1211 1496 1268 χθόνα.

291 1314 464 1381 Satis„
517 1314 709 1380 cred0,
768 1318 1012 1387 apparet
1072 1311 1321 1387 Epapho
1380 1311 1478 1368 isti
1544 1311 1720 1389 longe
1781 1314 1955 1372 aliam

200 1413 486 1489 originem
537 1410 832 1487 assignari,
881 1415 1060 1483 atque
1108 1407 1286 1484 vulgo
1345 1427 1569 1478 eorum,
1614 1428 1760 1484 quos
1807 1412 1958 1469 filios

198 1509 462 1585 filiasque
505 1507 714 1566 tribuit
758 1525 990 1563 summo
1020 1504 1158 1562 Jovi
1202 1505 1384 1581 impia
1422 1512 1690 1564 veterum
1736 1509 1955 1584 pietas:

198 1607 413 1683 quippe
448 1605 548 1682 qui
585 1610 769 1671 tactu,
800 1610 869 1660 ut
907 1602 1180 1671 diximuS,
1214 1602 1497 1678 simplice,
1535 1611 1596 1660 et
1639 1604 1830 1662 halitu
1872 1607 1958 1663 di-

198 1704 317 1760 vini
348 1703 462 1760 oris
491 1707 781 1759 nascatur.
871 1699 1078 1775 Atque
1118 1700 1180 1755 in
1221 1719 1292 1756 eo
1329 1699 1614 1757 miraculo
1658 1702 1805 1758 mire
1844 1703 1955 1760 sibi

196 1801 483 1877 placuisse
513 1797 859 1874 AEschylum
890 1803 1186 1853 testantur
1228 1797 1445 1853 iterum
1490 1797 1828 1872 iterumque
1864 1819 1954 1856 re-

195 1898 404 1973 petitae
434 1895 559 1970 ejus
588 1893 791 1951 laudes
821 1894 976 1969 apud
1008 1890 1286 1953 Ἰκετίδας.
1367 1892 1656 1968 Appellat
1685 1894 1766 1950 ibi
1798 1893 1955 1951 Cho-

195 2011 292 2049 rus
324 1991 527 2049 Heroa
554 1990 724 2047 illum
753 1990 979 2047 avitum
1000 1996 1044 2056 q,

429 2096 510 2144 ἶνιν
528 2097 850 2155 ἀνθονομούσας
868 2099 1084 2157 προγόνου
1103 2099 1211 2151 βοὸς
1232 2098 1281 2154 ἐξ
1303 2098 1524 2143 ἐπιπνοίας
1544 2100 1689 2155 Ζηνός.

193 2202 342 2259 Tum
394 2203 640 2270 addunt,
693 2200 873 2259 fatale
924 2208 1178 2276 temPUS‚
1225 2201 1347 2258 sive
1398 2207 1466 2256 ut
1510 2221 1646 2257 cum
1694 2200 1949 2258 Pindaro

194 2297 415 2374 loquar,
443 2298 621 2377 κύριον
648 2304 804 2364 μῆνα,
841 2305 1156 2373 postquam
1200 2297 1553 2372 parturienti
1584 2298 1949 2372 supervenis-

193 2403 298 2464 set,
323 2397 443 2453 vim
474 2396 686 2453 divinae
715 2396 992 2452 tactionis
1022 2394 1179 2452 bono
1209 2401 1430 2451 eventu
1461 2395 1903 2470 comprobasse:

543 2525 715 2584 ἔφαψιν
735 2523 950 2580 ἐπωνυμίᾳ

544 2598 581 2640 δ’
603 2596 873 2654 ἐπεκραίνετο
892 2596 1108 2653 μόρσιμος
1127 2593 1230 2638 αἵων

543 2670 748 2728 εὐλόγως,

533 2740 743 2799 ’Ἔπαφόν
762 2739 797 2784 τ’
820 2739 1038 2799 ἐγέννασε·

191 2853 427 2930 pudoris
457 2850 734 2908 videlicet
767 2849 1103 2907 intemerati
1136 2847 1399 2923 castique
1442 2848 1658 2906 amoris
1692 2849 1944 2905 incredi-

189 2950 310 3008 bile
369 2949 810 3006 documentum.
906 2945 1109 3002 Nullis
1166 2944 1514 3022 ambagibus
1570 2963 1696 3001 rem
1754 2945 1942 3020 ipsam

190 3046 448 3105 declarat
477 3044 722 3112 ChoruS‚
754 3042 990 3119 qualem
1017 3062 1052 3100 a
1079 3042 1401 3118 majoribus
1430 3048 1738 3117 acceperat
1756 3050 1812 3099 r:

539 3166 607 3210 καὶ
629 3164 731 3211 Ζεύς
749 3163 789 3224 γ’
813 3164 1021 3222 ἐφάπτωρ
1041 3162 1155 3221 χειρὶ
1175 3160 1343 3221 φιτεύει
1361 3163 1505 3220 γόνον.

189 3269 307 3328 Sed
338 3269 512 3347 longe
543 3268 880 3326 dulcissima
914 3274 1072 3337 sunt,
1102 3285 1231 3343 quae
1275 3266 1434 3323 idem
1473 3271 1680 3340 postea
1710 3265 1937 3323 Chorus

538 3461 561 3491 (ι
595 3453 700 3509 Sup.
723 3466 796 3509 43.
1297 3458 1310 3475 ¹
1342 3449 1453 3494 Ibid.
1478 3450 1579 3506 318.

1005 3543 1045 3582 G
1072 3544 1112 3600 g
