2288 4036
205 187 313 242 7792
516 186 825 257 Wryiliana
850 186 1097 238 Moentuae
1122 193 1169 240 et
1194 186 1396 239 Mincii
1423 186 1554 240 laus.
1593 206 1753 239 PRAEL.
1774 206 2007 241 xxxvm.

207 340 270 390 et
300 333 550 410 grandia
579 332 700 401 illa,
733 332 952 408 quibus
994 351 1056 390 se
1097 333 1274 410 fingit
1318 332 1523 409 paullo
1558 334 2009 410 jactantiorem‚

206 429 474 509 Augusti
535 430 822 488 videlicet
892 450 1089 500 causa,
1152 430 1535 507 cohortisque
1605 432 1750 508 ejus,
1811 453 2012 491 nonne

205 529 570 606 temperavit
646 528 947 606 praecipua
1005 529 1267 606 quadam
1343 529 1656 598 suavitate,
1719 531 1881 607 quod
1951 533 2013 589 in

207 627 535 686 Mantuam
608 625 951 705 Minciique
1017 629 1176 706 ripas
1236 647 1363 685 rem
1438 647 1682 686 omnem
1743 631 2009 688 revocari

206 727 437 784 curavit
461 723 528 785 b?

450 844 632 889 Primus
655 861 740 904 ego
761 846 810 890 in
830 845 1025 904 patriam
1046 861 1243 899 mecum,
1266 845 1406 891 modo
1428 846 1520 891 vita
1543 847 1758 904 supersit,

448 917 600 962 Aonio
621 917 800 963 rediens
824 917 1050 963 deducam
1071 919 1238 964 vertice
1262 919 1424 964 Musas
1442 936 1452 963 :

449 990 632 1036 Primus
656 991 888 1037 Idumaeas
910 992 1102 1036 referam
1124 992 1224 1046 tibi,
1244 992 1455 1045 Mantua,
1479 994 1652 1051 palmas
1667 1012 1686 1047 ;

448 1064 510 1109 Et
531 1065 666 1110 viridi
688 1065 736 1110 in
759 1080 921 1124 campo
944 1066 1168 1124 templum
1191 1064 1247 1109 de
1269 1079 1495 1109 marmore
1516 1080 1687 1123 ponam

448 1138 641 1197 Propter
663 1153 843 1198 aquam,
865 1138 1007 1183 tardis
1029 1139 1194 1197 ingens
1216 1138 1298 1183 ubi
1320 1139 1514 1183 flexibus
1537 1146 1655 1183 errat

450 1212 670 1266 Mincius,
693 1220 737 1257 et
758 1220 913 1258 tenera
934 1212 1142 1271 praetexit
1164 1212 1388 1257 arundine
1410 1213 1546 1271 ripas.

207 1310 386 1370 Locis
417 1310 792 1389 appellandis
824 1311 1003 1370 dulce
1041 1311 1305 1369 reddidit
1337 1330 1597 1379 carmen,
1630 1310 1855 1388 alioqui
1887 1310 2022 1389 pul-

205 1430 373 1468 crum
408 1411 589 1469 modo
621 1418 805 1488 atque
837 1410 1239 1488 splendidum.

293 1508 476 1580 Quid,
522 1510 685 1587 quod
727 1511 886 1587 ipsas
938 1508 1126 1586 Elysii
1174 1529 1244 1567 ac
1291 1508 1765 1566 Fortunatorum
1813 1528 2020 1567 nemo-

206 1628 342 1666 rum
399 1609 610 1668 laudes
648 1610 890 1687 jejunas
939 1610 1067 1667 fore
1116 1609 1358 1685 putavit
1400 1614 1463 1665 et
1508 1608 1910 1684 imperfectas,
1957 1610 2019 1666 ni

209 1707 392 1766 choro
423 1708 742 1766 beatorum
777 1708 914 1766 istic
947 1707 1304 1785 degentium
1337 1706 1634 1764 tribueret
1670 1726 1790 1764 non
1823 1707 2020 1765 dicam

207 1809 360 1866 ruris
403 1809 506 1866 sed
545 1815 608 1865 et
640 1806 931 1885 Cisalpini
974 1807 1127 1865 ruris
1171 1805 1458 1864 delicias?
1507 1804 1731 1882 Neque
1763 1807 1926 1864 enim
1956 1806 2017 1863 id

207 1915 447 1967 tantum
492 1909 721 1978 docuit,
753 1914 1030 1966 constare
1069 1925 1280 1965 eorum
1323 1905 1702 1974 felicitatem,
1734 1924 2018 1983 magnam

207 2014 462 2085 partem,
512 2026 588 2064 ex
636 2006 740 2064 illa
786 2005 1071 2064 libertate
1116 2004 1560 2072 rusticantium,
1612 2023 1731 2080 qua
1783 2002 2019 2061 soleant

207 2127 405 2165 errare
437 2127 557 2183 quo
591 2105 782 2163 velint
827 2124 935 2182 per
972 2124 1210 2162 amoena
1241 2123 1310 2161 ac
1342 2103 1556 2161 viridia
1600 2102 1733 2162 loca
1757 2122 2022 2170 t—nam‚

127 2220 130 2223 ⁴
206 2215 277 2265 ut
309 2208 392 2265 ait
423 2206 547 2279 ille,
579 2206 655 2264 de
686 2203 961 2263 Anchisa
990 2207 1399 2281 interrogatus
1419 2210 1459 2269 ⁰,

450 2323 497 2367 N
499 2322 580 2367 ussi
603 2328 724 2367 certa
746 2321 912 2366 domus
929 2339 944 2374 3
974 2319 1091 2364 lucis
1114 2319 1376 2365 habitamus
1399 2319 1570 2378 opacis,

449 2397 762 2456 Riparumque
779 2403 903 2441 toros
925 2403 969 2440 et
991 2400 1120 2453 prata
1141 2394 1338 2438 recentia
1359 2393 1467 2439 rivis

450 2472 702 2516 Incolimus
724 2488 733 2516 ε

208 2590 418 2629 verum
468 2571 654 2628 etiam
696 2570 758 2626 in
807 2568 1055 2627 intimos
1107 2567 1468 2627 sacrosancti
1514 2565 1703 2645 Elysii
1749 2587 2017 2626 recessus

208 2672 471 2749 patrium
525 2689 595 2727 ac
636 2668 994 2727 familiarem
1041 2666 1295 2725 fluvium
1340 2666 1592 2723 minime
1646 2667 1875 2724 veritus
1923 2674 2016 2724 est

209 2772 533 2829 deducere.
645 2767 1032 2846 Conspicitur
1084 2785 1305 2843 nempe
1359 2764 1702 2824 veneranda
1761 2765 2015 2823 heroum

207 2890 421 2929 manus
443 2866 488 2938 d,

893 2984 1051 3029 dextra
1070 2986 1275 3043 laevaque
1297 2997 1378 3041 per
1398 2981 1590 3026 herbam

449 3061 714 3113 Vescentes,
737 3060 987 3118 laetumque
1010 3058 1150 3103 choro
1166 3072 1326 3116 paeana
1347 3062 1576 3107 canentes,

451 3135 578 3180 Inter
599 3134 842 3179 odoratum
863 3133 980 3178 lauri
998 3147 1184 3184 nemus,
1203 3130 1327 3176 unde
1349 3144 1544 3189 superne

451 3208 683 3253 Plurimus
706 3207 904 3252 Eridani
924 3221 1005 3265 per
1021 3202 1187 3251 ‘silvam
1210 3205 1405 3251 volvitur
1428 3203 1590 3248 amnis.

208 3309 580 3369 Fabulosum
649 3306 832 3364 modo
895 3305 1187 3383 quaerenti
1248 3303 1495 3371 fiumen,
1556 3309 1780 3379 praesto
1842 3308 2013 3360 erant

209 3410 558 3475 Rhodanus,
604 3405 820 3484 Tagus
852 3405 1179 3473 Arethusa,
1225 3411 1288 3462 et
1326 3405 1373 3462 si
1419 3421 1568 3479 quos
1613 3402 1761 3460 alios
1807 3419 2014 3459 amnes

392 3632 410 3658 ¹²
439 3632 598 3688 Geor-y.
622 3644 665 3689 3.
695 3644 763 3674 10.
982 3635 1002 3658 ⁰
1025 3628 1140 3671 AEn.
1166 3626 1208 3670 6.
1235 3637 1306 3685 73.
1525 3624 1548 3654 ‘¹
1571 3624 1685 3668 Ibid.
1710 3622 1814 3678 656.
