2288 4036
246 162 355 218 762
372 164 478 234 Spe
500 182 673 217 carere
689 164 1008 226 Lucretium,
1034 163 1314 232 Viryilium
1335 162 1599 217 abundare
1612 187 1627 216 .-
1647 183 2037 217 ΡΒΕι.ΧΧΧν111.

246 314 548 389 quomodo
609 311 1079 370 excurrentium.
1172 311 1416 378 Contra,
1469 311 1818 390 Virgilium,
1878 321 1947 370 ut
2006 332 2042 370 a

246 415 441 489 prima
507 412 766 488 pueritia
816 410 960 467 vitae
1021 410 1260 487 agresti,
1316 409 1665 468 fluminibus
1725 411 2039 489 sylvisque,

244 512 523 578 insuevit,
559 510 641 568 sic
681 510 844 567 omni
892 516 1166 585 tempore
1213 528 1246 565 e
1292 510 1500 567 castris
1542 516 1604 567 et
1646 510 1794 568 urbe
1839 512 1902 568 in
1941 530 2041 568 rus

244 629 419 668 suum
451 609 748 687 refugere,
782 608 925 666 laeto
976 627 1045 665 ac
1090 606 1325 665 lubenti
1371 608 1612 678 animo;
1662 615 1949 686 tanquam
1980 612 2043 668 in

245 707 617 766 domicilium
665 727 857 774 suum,
890 707 994 764 ubi
1038 714 1238 764 metus
1284 726 1509 776 omneS,
1555 727 1826 786 angoreS‚
1869 709 2043 788 aegri-

244 808 485 865 tudines
542 808 844 884 deponere
910 805 1116 864 soleat.
1218 805 1318 863 Illi
1380 807 1522 865 satis
1576 826 1721 876 esse,
1775 808 1823 866 si
1875 808 2043 865 brevi

244 906 392 964 hora
422 906 695 964 detinere
726 906 915 982 possit
952 924 1021 963 ac
1066 904 1255 963 lenire
1297 906 1584 974 animum,
1617 907 1942 965 formarum
1974 927 2044 966 ac

245 1004 516 1063 colorum
548 1004 645 1063 vel
676 1005 1012 1081 majestate,
1046 1004 1143 1062 vel
1181 1004 1349 1062 suavi
1381 1024 1450 1062 ac
1482 1011 1694 1064 tenero
1735 1025 1842 1064 seu
1871 1014 2045 1066 motu

245 1105 369 1162 sive
417 1111 685 1181 aspectU.
780 1104 902 1162 Hic
948 1105 1117 1180 quasi
1162 1105 1439 1180 quaedam
1487 1104 1788 1182 colloquia
1833 1111 2044 1162 tenere

245 1223 386 1261 cum
439 1203 765 1272 montibus,
821 1202 1018 1281 sylviS,
1071 1202 1442 1273 fluminibus,
1501 1205 1710 1263 amicis
1761 1204 2046 1263 videlicet

245 1303 386 1360 visis
433 1302 616 1380 longo
647 1309 784 1379 post
815 1309 1110 1378 tempore.
1202 1301 1489 1360 Lucretio
1538 1304 1744 1380 itaque
1781 1304 1895 1362 etsi
1924 1324 2046 1361 non

245 1421 378 1459 raro
421 1402 616 1459 rideat
648 1401 1095 1477 quodammodo
1128 1408 1191 1458 et
1223 1401 1463 1460 exultet
1500 1403 1750 1480 pictura,
1783 1402 1953 1461 velut
1982 1404 2045 1460 in

246 1500 600 1577 triumphali
647 1500 752 1558 illo
798 1520 867 1559 ac
914 1501 1227 1560 notissimo
1281 1501 1356 1559 de
1402 1503 1599 1560 vernis
1645 1501 1876 1561 deliciis
1920 1522 2048 1561 car-

246 1600 552 1668 mine&—

492 1712 535 1757 It
557 1712 651 1757 Ver
672 1719 716 1757 et
738 1712 899 1757 Venus
922 1719 965 1756 et
987 1712 1180 1757 Veneris
1203 1713 1495 1770 praenuncius
1522 1720 1625 1758 ante

492 1786 716 1832 Pinnatus
738 1786 946 1846 graditur
967 1786 1206 1847 Zephyrus
1228 1787 1419 1846 vestigia
1439 1795 1624 1846 propter
1643 1805 1653 1832 ε

490 1861 625 1906 Flora
645 1861 814 1921 quibus
839 1868 984 1906 mater
1004 1876 1317 1919 praespergens
1339 1869 1443 1906 ante
1464 1862 1553 1907 viai

492 1933 672 1979 Cuncta
692 1933 922 1979 coloribus
945 1935 1138 1993 egregiis
1161 1942 1204 1979 et
1226 1934 1445 1980 odoribus
1468 1936 1622 1994 opplet
1639 1953 1713 1980 :—

247 2051 544 2108 nusquam
604 2039 812 2089 tamen
862 2033 1133 2090 invenias
1186 2033 1670 2107 acquiescentem
1718 2033 1778 2090 in
1826 2036 2046 2112 agresti

248 2131 353 2189 illa
404 2130 880 2207 tranquillitate:
937 2151 1134 2207 neque
1187 2132 1274 2189 ita
1322 2151 1385 2189 se
1434 2132 1573 2190 ferri
1622 2134 1839 2211 agique
1888 2134 2046 2203 sinit,

250 2230 418 2306 quasi
465 2231 723 2306 quadam
767 2250 913 2288 aura
944 2230 1413 2300 vehementiore,
1445 2231 1506 2288 in
1551 2251 1687 2289 rura
1732 2239 1795 2290 et
1840 2232 2049 2291 solitu-

249 2329 436 2398 dines,
470 2337 539 2387 ut
572 2329 961 2388 obliviscatur
1004 2330 1407 2388 acerbissimae
1448 2332 1639 2397 sortiS,
1673 2332 1955 2408 duraeque
1985 2333 2048 2389 in

250 2446 430 2484 omne
453 2446 644 2505 genus
675 2427 1009 2484 humanum
1042 2429 1375 2486 sententiae.
1438 2428 1681 2497 Contra,
1709 2449 1840 2506 quae
1863 2428 2048 2487 habet

250 2526 593 2584 tristissima
622 2526 958 2583 identidem
985 2525 1300 2603 Virgilius,
1326 2527 1575 2584 minime
1606 2535 1810 2585 tamen
1841 2534 2049 2586 carent

249 2621 462 2681 solatio
516 2641 662 2681 suo:
726 2622 949 2700 quippe
1010 2623 1234 2680 arctius
1287 2622 1477 2679 ferme
1531 2623 1855 2700 conjuncta
1907 2642 2048 2680 cum

250 2720 413 2778 dulci
458 2720 660 2798 aliqua
704 2721 1146 2798 praeteritarum
1195 2741 1395 2779 rerum
1442 2723 1748 2780 memoria.
1839 2721 2049 2780 Habet

248 2819 363 2878 hoc
405 2827 612 2878 autem
655 2819 956 2897 singulare
1000 2827 1063 2877 et
1107 2821 1516 2898 gratissimum
1564 2821 1809 2897 quidem
1856 2821 2050 2878 omnis

250 2919 530 2995 pueritiae
563 2921 828 2977 suaviter
858 2925 1013 2977 actae
1052 2919 1405 2988 recordatio,
1438 2926 1508 2976 ut
1539 2919 1761 2977 bonam
1794 2925 2052 2977 certarn-

251 3036 368 3093 que
399 3018 602 3076 foveat
635 3038 822 3095 spem,
844 3019 1105 3076 existere
1130 3018 1351 3077 alicubi
1375 3018 1722 3076 Potentiam
1749 3018 2049 3094 quandam

251 3115 596 3193 benignam,
631 3137 768 3194 quae
806 3116 966 3175 mala
1003 3117 1143 3174 vitae
1184 3124 1503 3193 temperet,
1536 3124 1719 3192 atque
1750 3117 1900 3174 adeo
1932 3116 2051 3173 for-

252 3222 410 3272 tasse
456 3235 577 3272 non
621 3216 775 3273 ferat
817 3216 1021 3273 omnia
1066 3234 1304 3293 semper
1333 3216 1394 3272 in
1426 3217 1596 3293 pejus
1642 3235 1829 3293 prona
1858 3235 2047 3272 ruere.

253 3310 472 3371 Manat
518 3314 963 3390 quodammodo
1019 3314 1308 3391 ejusmodi
1367 3316 1491 3392 spei
1549 3315 1716 3390 quasi
1752 3314 2047 3390 >quaedam

958 3491 977 3514 e
1012 3483 1146 3528 Lucr.
1171 3496 1213 3542 5.
1240 3484 1341 3542 736.
