2288 4036
211 172 370 204 PRAEL.
395 171 525 206 xxn.
602 159 814 222 exceptae
840 152 1119 220 Erinnyae,
1147 151 1457 204 Eumenides
1462 150 1626 223 fiunt
1858 155 1964 208 437

563 290 799 347 ξυνὸαίτωρ
819 288 1078 346 μετάκοινος·

564 360 818 405 παλλεύκων
838 361 884 405 δὲ
903 359 1081 406 πέπλων
1101 361 1349 418 ἀπόμοιρος,
1371 360 1557 418 ἄκληρος
1577 359 1775 419 ἐτύχθην.

217 461 536 528 Nimirum,
567 467 832 517 extorres
861 461 1020 535 prius
1051 479 1085 516 e
1115 459 1274 516 civili
1304 460 1444 527 vita,
1474 479 1630 517 nunc
1662 460 1964 517 ordinibus

215 554 437 613 Atticis
457 557 890 631 quodammodo
921 556 1357 615 adscribuntur:
1395 575 1524 631 quae
1553 557 1714 631 prius
1740 573 1965 613 meram

215 659 599 709 exercuerant
630 653 1042 719 carnificinam,
1068 671 1226 709 nunc
1250 652 1343 709 vel
1374 652 1537 709 laetas
1567 651 1967 709 conciliabunt

214 749 464 823 nuptiaS‚
490 747 583 804 vel
612 748 1074 823 parturientibus
1097 748 1289 805 fausto
1319 767 1387 805 ac
1419 747 1671 805 feliciter
1699 749 1966 805 aderunt.

217 844 316 903 Ne
357 844 578 902 multa:
624 851 798 919 pacto
829 864 899 900 eo
931 845 1224 910 convenit,
1256 850 1325 900 ut
1355 844 1429 901 ab
1458 844 1571 901 hoc
1601 863 1787 918 usque
1817 851 1970 901 tem-

214 960 355 1015 pore
399 941 637 997 nomine
677 941 794 997 sint
825 940 1007 996 Inferi
1044 948 1227 1015 atque
1258 939 1594 1007 Daemones,
1622 959 1685 996 re
1724 959 1792 997 ac
1823 940 1970 996 veri-

217 1043 342 1092 tate
373 1055 506 1092 cum
541 1035 672 1093 Diis
703 1043 1054 1093 censeantur
1083 1034 1427 1111 Olympicis.

303 1131 392 1187 Ea
420 1133 680 1188 maxime
710 1151 772 1188 re
802 1132 1091 1188 contineri
1121 1132 1242 1186 vim
1272 1131 1604 1188 universam
1636 1131 1809 1206 hujus
1831 1131 1971 1188 Tra-

216 1228 430 1302 goediae
453 1228 727 1284 viderunt
750 1234 977 1284 veteres
1000 1245 1234 1301 quoque
1255 1225 1678 1294 Grammatici3
1718 1228 1817 1301 qui
1846 1226 1972 1301 ple-

217 1322 382 1395 rique
426 1340 717 1379 summam
757 1323 882 1397 ejus
920 1323 1004 1379 ita
1033 1321 1369 1387 conficiunt,
1400 1328 1468 1377 ut
1504 1321 1656 1378 hanc
1689 1321 1972 1378 curiosius

217 1417 536 1474 adhibeant
572 1417 912 1485 clausulam,
942 1415 1045 1479 τὰς·
1081 1415 1136 1474 δὲ
1161 1415 1445 1495 Ἐριννύας
1484 1415 1722 1495 πραΰνας
1760 1441 1971 1495 προση-

219 1512 479 1591 γόρευσεν
509 1512 821 1580 Εὐμενίδας.
902 1513 1045 1570 Non
1074 1533 1191 1589 quo
1221 1532 1438 1570 nomen
1469 1514 1660 1588 ipsum
1692 1513 1974 1570 Eumeni-

221 1610 363 1666 dum
406 1610 638 1686 legatur
678 1612 739 1667 in
783 1610 906 1667 ulla
953 1618 1121 1686 parte
1163 1611 1345 1685 ipsius
1377 1610 1729 1686 Tragoediae:
1784 1608 1974 1675 σεμναὶ

219 1704 457 1777 quidem
491 1704 623 1770 Θεαὶ,
647 1705 803 1779 quod
830 1705 989 1761 idem
1012 1704 1188 1772 valet,
1212 1703 1395 1761 semel
1426 1711 1603 1778 atque
1632 1705 1849 1760 iterum
1875 1722 1974 1778 ap-

224 1798 535 1873 pellantur.
623 1799 743 1857 Sed
787 1801 862 1856 de
898 1801 1136 1857 nomine
1177 1800 1324 1856 nihil
1366 1800 1645 1856 interest:
1698 1799 1758 1854 id
1801 1799 1974 1856 unice

222 1894 563 1961 tenendum,
596 1895 898 1971 ErinnyaS‚
935 1896 1209 1972 mitigata
1250 1894 1464 1960 indole,
1497 1895 1713 1952 assumi
1746 1895 1874 1969 jam
1914 1895 1975 1952 in

224 1988 368 2063 Ejus
410 1990 641 2065 imperii
685 1990 1027 2057 subsidium,
1064 1990 1165 2065 qui
1209 2008 1361 2047 unus
1405 1991 1603 2047 omnia
1646 1996 1972 2065 temperat:

223 2085 423 2159 itaque
481 2085 702 2143 nullam
763 2105 957 2162 neque
1005 2087 1248 2143 domum
1297 2104 1492 2161 neque
1550 2086 1975 2162 rempublicam

224 2180 375 2237 bene
403 2183 548 2259 geri,
579 2201 708 2257 quae
737 2189 917 2259 neget
945 2181 1036 2239 his
1065 2182 1330 2257 proprios
1359 2182 1611 2241 honores
1630 2191 1682 2240 ⁸:

576 2299 623 2343 ἐκ
642 2304 727 2344 τῶν
746 2301 951 2357 φοβερῶν
970 2300 1102 2344 τῶνδε
1121 2303 1367 2357 προσώπων

574 2371 686 2428 μέγα
706 2371 855 2426 κέρδος
875 2374 961 2427 ὁρῶ
982 2372 1131 2415 τοῖσδε
1150 2372 1363 2417 πολίταις.

578 2442 713 2486 τάσδε
732 2442 816 2499 γὰρ
838 2443 1050 2500 εὔφρονας
1071 2443 1277 2500 εὔφρονες
1297 2442 1362 2487 ἀεὶ

577 2513 690 2571 μέγα
708 2518 925 2569 τιμῶντες,
947 2514 1016 2557 καὶ
1035 2513 1116 2570 γὴν
1136 2513 1204 2558 καὶ
1224 2515 1353 2558 πόλιν

579 2584 849 2640 ὀρθοδίκαιον

579 2654 775 2711 πρέψετε
794 2655 949 2700 πάντες
969 2655 1202 2714 διάγοντες.

314 2759 586 2835 Denique
620 2760 745 2818 haec
781 2763 978 2819 omnia
1005 2763 1334 2839 AEschyluS‚
1366 2782 1472 2821 suo
1501 2783 1682 2831 more,
1714 2785 1985 2841 compro-

230 2856 354 2913 bari
385 2863 551 2913 curat
585 2875 704 2913 non
747 2858 978 2914 aurium
1017 2859 1194 2915 modo
1225 2879 1432 2916 verum
1462 2861 1644 2918 etiam
1675 2862 1982 2919 oculorum

218 2952 478 3026 judici03
509 2953 778 3011 deductis
797 2953 1227 3012 Eumenidibus
1249 2955 1473 3012 solenni
1498 2975 1717 3032 pompa
1739 2977 1876 3015 cum
1900 2959 1984 3016 fa-

229 3047 394 3103 cibus
423 3048 680 3106 accensis
711 3057 773 3105 et
807 3067 970 3106 sacro
1001 3050 1276 3116 carmine,
1305 3052 1380 3107 de
1407 3050 1692 3127 Acropoli
1723 3054 1783 3109 in
1814 3072 1981 3110 suam

229 3143 434 3210 aedem,
472 3144 594 3201 sive
638 3145 822 3203 mavis
866 3145 1208 3221 speluncam
1251 3146 1565 3223 appellare,
1611 3149 1879 3222 proxima
1922 3149 1986 3205 in

232 3237 402 3294 valle.
489 3239 679 3307 Adeo,
710 3239 836 3314 ipso
855 3240 983 3314 jam
1012 3241 1129 3296 fine
1162 3240 1477 3310 PoematiS,
1498 3251 1709 3300 exacto
1742 3244 1985 3301 demum

955 3466 973 3489 ⁵
1004 3460 1134 3504 Eum.
1154 3475 1257 3518 993.
