2288 4036
404 142 513 212 458
738 141 822 193 De
836 139 1075 211 puellari
1100 138 1250 210 apud
1271 139 1544 210 Supplices
1569 141 1807 210 ἀφελείᾳ.
1865 159 2026 192 PRAEL.
2048 160 2202 194 xxm.

400 291 587 348 arceri
620 291 858 368 fingunt
891 289 1167 366 virgines,
1192 287 1316 346 illic
1346 287 1595 346 vit-ulam
1629 289 1877 365 rupibus
1900 297 2203 348 errantem

400 390 638 468 mugitu
671 387 1004 447 bubulcum
1038 385 1341 463 appellare
1363 396 1419 445 q:

762 484 877 542 ἀλκᾷ
899 484 1087 529 πίσυνος
1105 482 1270 541 μέμυκε
1292 484 1409 543 φρά-

763 561 900 614 ζουσα
922 560 1081 615 βοτῆρι
1101 557 1310 616 μόχθους.

402 644 566 701 Hinc
598 662 738 700 cum
772 642 876 700 Ius
906 642 1218 699 mentione
1248 641 1501 699 mirifice
1533 642 1857 718 conjuncta
1896 641 2202 699 miseratio

397 760 638 817 quoque
669 741 838 798 bovis
870 751 1051 798 oestro
1082 747 1297 798 tactae:
1335 747 1406 797 ut
1431 758 1551 797 uno
1576 741 1913 816 eodemque
1939 739 2203 796 carmine

398 840 530 898 cani
564 840 841 898 videatur
864 839 1031 917 quasi
1078 840 1278 897 naenia
1322 838 1501 897 simul
1542 839 1856 896 hominum
1883 857 2201 916 aegrorum,

397 939 575 998 simul
619 941 963 1016 pecudum;
1007 940 1190 1016 juxta
1234 938 1383 996 illud
1431 940 1791 998 sacrosancti
1840 938 2038 1007 Vatis,
2085 936 2204 994 ῙΓΣὺ

399 1038 574 1119 Κύριε
605 1037 803 1102 σώσεις
834 1036 1129 1120 ἄνθρωπον
1170 1038 1257 1095 καὶ
1296 1044 1509 1106 κτῆνος.
1601 1038 1838 1098 Verum
1877 1038 2011 1096 haec
2060 1038 2203 1096 satis

397 1141 474 1198 sit
520 1141 739 1197 cursim
787 1140 1081 1217 tetigisse,
1114 1146 1413 1216 quatenus
1455 1159 1528 1197 ea
1565 1140 1691 1197 visa
1736 1139 1856 1197 sint
1901 1139 2202 1216 attingere

398 1239 744 1298 foemineam
813 1240 1101 1310 indolem,
1171 1240 1412 1316 qualem
1483 1240 1798 1317 descripsit
1862 1239 2200 1317 AEschylus.

398 1340 585 1398 Porro
616 1349 824 1400 autem
870 1341 1098 1399 nemini
1145 1361 1265 1399 non
1313 1341 1626 1419 cognitum
1672 1348 1735 1399 et
1776 1339 2202 1418 pervulgatum

396 1448 506 1510 est,
553 1442 928 1499 mansuetius
977 1441 1334 1518 plerumque
1383 1460 1512 1499 esse
1558 1440 1940 1498 foeminarum
1993 1457 2202 1517 genuS‚

397 1560 578 1617 quam
612 1542 892 1609 virorum,
926 1541 988 1598 in
1019 1540 1283 1618 pecudes
1313 1539 1694 1617 reliquasque
1725 1539 1965 1597 bestias.

483 1639 645 1709 Quid
685 1641 882 1698 dicam
915 1659 1034 1716 quo
1077 1640 1305 1717 pudore
1351 1659 1554 1697 coram
1587 1639 1722 1697 Diis
1763 1639 1949 1697 etiam
1994 1637 2205 1696 alienis

397 1739 633 1797 veniam
667 1739 779 1797 sibi
811 1745 1025 1816 petant
1055 1738 1323 1797 barbarae
1353 1738 1574 1816 linguae
1594 1738 1657 1796 ³?

762 1855 934 1914 ἱλέομαι
955 1856 1035 1914 μὲν
1054 1854 1214 1900 Ἀπίαν
1233 1858 1400 1910 βοῦνιν,

760 1931 958 1989 καρβάνα
980 1930 1017 1975 δ’
1041 1931 1178 1976 αὕδαν

761 2005 967 2051 εὗακοεῖς.

398 2104 557 2173 Quid
592 2103 1068 2180 pulcherrimum
1100 2103 1296 2173 illudt,

759 2214 985 2259 ὑποσκίων
1004 2213 1051 2258 ἐκ
1074 2215 1307 2273 στομάτων
1326 2207 1549 2261 ποτάσθω·
1561 2217 1802 2274 φιλότιμος
1822 2219 1930 2275 εὕχα
1946 2235 1958 2269 ;

399 2312 569 2371 Num
633 2314 832 2390 aptius
895 2314 1014 2372 dici
1073 2315 1274 2391 potuit
1340 2316 1415 2373 ad
1476 2315 1859 2384 modestiam,
1919 2316 2203 2392 conjunc-

397 2423 522 2472 tam
575 2416 821 2492 quidem
883 2415 1050 2473 illam
1106 2435 1246 2473 cum
1306 2416 1528 2474 fiducia
1580 2417 1838 2493 quadam
1899 2414 2202 2492 precandi,

396 2534 527 2590 quae
586 2514 648 2571 in
702 2514 866 2571 omni
919 2513 1212 2592 religione
1264 2523 1327 2573 et
1378 2517 1735 2586 caerimonia,
1780 2516 2118 2593 praesertim
2168 2535 2204 2573 a

395 2613 768 2683 mulieribus,
803 2613 1025 2672 servari
1057 2614 1285 2674 debet?
1377 2616 1560 2686 Quid,
1593 2616 1754 2693 quod
1784 2614 2025 2696 ἀφελείᾳ
2058 2634 2204 2691 qua-

397 2715 535 2771 dam
582 2720 841 2772 utuntur
885 2713 1193 2791 singulari,
1224 2715 1542 2793 loquentes
1580 2716 1656 2774 de
1688 2715 1918 2775 Oceani
1965 2722 2028 2773 et
2074 2714 2202 2791 ejus

396 2811 773 2886 periculisu?

759 2917 908 2961 πλάτα
928 2917 1009 2975 μὲν
1030 2916 1105 2963 οὖν
1126 2916 1403 2978 λινορραφής

761 3009 809 3034 τε
831 2991 965 3048 δόμος
986 2990 1074 3035 ἅλα
1096 2992 1284 3052 στέγων,
1308 2993 1438 3050 δορὸς

760 3063 999 3122 ἀχείματόν
1018 3063 1061 3122 μ’
1085 3065 1262 3124 ἔπεμψε
1285 3067 1369 3111 σὺν
1389 3069 1555 3113 πνοαῖς·

761 3138 862 3182 οὐδὲ
884 3138 1130 3198 μέμφομαι.

398 3229 607 3291 Etiam
640 3235 743 3293 ubi
776 3236 1069 3313 procellas
1100 3239 1510 3315 imprecantur
1540 3238 1815 3297 hostibus
1835 3247 1896 3306 x3

883 3339 962 3397 ξὺν
984 3338 1075 3401 ὄχῳ
1101 3338 1309 3399 ταχυήρει

760 3411 970 3470 πέμψατε
991 3413 1208 3459 πόντονδ”
1244 3415 1347 3459 ἔνθα
1370 3415 1417 3459 δὲ
1439 3416 1623 3460 λαίλαπι

456 3531 474 3556 ‘¹
509 3524 618 3582 Sup.
641 3523 746 3582 356.
910 3533 929 3556 r
962 3527 1128 3571 Psalm.
1154 3526 1227 3585 36.
1256 3539 1295 3587 7.
1468 3537 1486 3559 ⁵
1521 3530 1628 3587 Sup.
1658 3543 1757 3587 123.
1920 3530 1936 3559 t
1957 3528 2071 3573 Ibid.
2095 3528 2199 3584 664.

398 3604 424 3627 ¹1
456 3597 572 3642 Ibid.
600 3611 700 3654 140.
858 3606 875 3624 ¹
906 3600 1022 3645 Ibid.
1046 3614 1119 3658 33.
