2288 4036
351 204 466 261 592
682 207 939 272 Quoenam
966 207 1253 278 Euripidis
1267 210 1496 280 propr-ia
1521 210 1590 261 sit
1616 210 1746 262 laus,
1824 228 1988 264 PRAEL.
2005 230 2157 264 xxm.

355 366 531 424 posse
582 357 786 407 notam
831 348 999 406 illam
1045 349 1214 426 quasi
1263 350 1594 409 censoriam
1637 351 1698 408 in
1744 357 1948 409 nostro
1982 351 2156 410 Euri-

354 447 513 524 pide,
544 449 707 524 quod
753 447 803 505 is
847 448 1055 525 inepte
1101 448 1292 507 soleat
1331 449 1654 526 aliquando
1699 458 1763 508 et
1804 457 2046 509 cantare
2093 459 2156 510 et

354 548 715 605 ratiocinari..
806 545 1061 605 Numne
1106 548 1294 626 igitur
1344 550 1683 617 statuimuS,
1727 551 1969 626 penitus
2015 571 2155 610 eum

351 646 652 704 excidisse
693 665 770 703 ex
812 665 1065 704 numero
1096 666 1326 715 eorum,
1357 649 1460 724 qui
1501 649 1739 726 proprie
1777 669 1846 708 ac
1876 650 2156 727 primarie

356 743 564 803 Poetae
614 745 962 804 habentur?
1054 745 1399 816 Attendite,
1453 767 1672 826 quaeSO,
1727 748 1872 825 quid
1925 750 2153 826 agatis:

352 844 585 901 etenim
623 843 725 920 qui
774 844 838 901 in
891 844 1005 903 hac
1051 864 1230 905 causa
1277 847 1481 904 durior
1523 866 1654 906 esse
1699 846 1868 916 velit,
1911 853 1974 904 et
2024 867 2158 925 per-

352 942 578 1002 fectam
617 945 823 1022 exigat
852 944 1159 1023 ἀκριβείαν,
1193 965 1403 1004 vereor
1432 947 1734 1024 equidem,
1766 965 1842 1004 ne
1883 946 1932 1003 is
1962 945 2159 1004 Shak-

351 1062 592 1119 sperum
628 1063 869 1120 quoque
904 1045 1102 1121 ipsum
1135 1064 1169 1102 e
1202 1045 1490 1122 praeclara
1526 1044 1629 1105 illa
1658 1046 1905 1105 natione
1936 1046 2155 1122 ejiciat.

354 1141 561 1200 Nemo
603 1144 784 1211 enim,
823 1151 894 1202 ut
940 1145 1170 1222 opinor,
1210 1146 1543 1223 negaverit,
1588 1144 2003 1223 Shaksperum
2041 1145 2155 1205 hac

350 1240 531 1319 culpa
567 1242 818 1300 minime
849 1262 1023 1320 posse
1054 1242 1310 1313 liberari,
1342 1245 1444 1321 qui
1476 1245 1538 1303 in
1568 1245 1933 1324 gravissimis
1964 1246 2157 1305 causis

348 1341 638 1419 aucupari
678 1341 871 1400 soleat
913 1362 1077 1401 nunc
1109 1344 1291 1402 verba
1331 1351 1395 1402 et
1434 1343 1708 1422 syllabas,
1740 1364 1901 1403 nunc
1929 1344 2154 1423 ingenii

348 1450 416 1499 et
461 1442 900 1500 sententiarum
945 1443 1244 1502 acumina.
1338 1443 1435 1501 Ex
1480 1465 1599 1522 quo
1645 1444 2024 1523 intelligitur,
2071 1445 2158 1504 ita

346 1542 624 1600 damnari
675 1549 954 1620 oportere
1003 1544 1108 1620 qui
1167 1542 1334 1602 hisce
1386 1545 1562 1622 nugis
1617 1545 1867 1603 nimiam
1921 1544 2156 1604 dederit

346 1658 616 1717 operam,
652 1648 725 1699 ut
768 1662 847 1700 ne
891 1649 1100 1701 tamen
1147 1645 1356 1701 statim
1398 1643 1652 1720 judices,
1702 1645 1962 1702 caruisse
2012 1664 2153 1703 eum

348 1739 530 1818 igneo
582 1740 688 1799 illo
739 1741 945 1820 vigore
994 1761 1068 1801 ac
1121 1742 1179 1799 vi
1228 1761 1540 1820 germanae
1589 1742 1870 1802 Poeseos.
1952 1743 2155 1815 Quare

349 1858 672 1918 pergamus
709 1840 771 1898 in
811 1838 1141 1918 Euripidea
1183 1839 1297 1899 hac
1343 1861 1539 1914 causa,
1568 1849 1754 1920 atque
1792 1842 1869 1901 ad
1909 1862 1981 1902 ea
2023 1850 2156 1902 tan-

349 1939 491 1996 dem
540 1940 868 2009 veniamne,
910 1960 1054 2017 quae
1101 1960 1179 1999 ex
1224 1941 1415 2000 altera
1459 1949 1631 2020 parte
1676 1943 1794 2001 dici
1842 1949 2151 2021 poterunt.

351 2036 519 2095 Nam
563 2037 673 2097 illa
717 2039 862 2097 satis
906 2039 1153 2116 quidem
1200 2041 1496 2100 invidiosa
1547 2043 1811 2119 prudens
1863 2048 2152 2119 praetereo

347 2135 464 2195 hoc
509 2145 805 2215 tempore,
846 2140 1069 2216 partim
1116 2141 1192 2199 de
1240 2140 1623 2200 foeminarum
1663 2140 1888 2209 indole,
1930 2142 2151 2218 partim

344 2236 425 2294 de
455 2237 745 2316 religione
770 2238 1043 2298 Deorum
1075 2241 1348 2300 acerbius
1379 2248 1442 2299 et
1472 2242 1758 2300 audacius
1782 2241 1969 2300 dicta:
2012 2259 2151 2299 cum

345 2336 475 2396 fore
527 2338 843 2417 confidam,
890 2346 960 2397 ut
1007 2340 1070 2397 in
1115 2347 1376 2418 utroque
1421 2341 1620 2419 capite
1671 2341 1896 2419 possim
1941 2359 2152 2399 eruere

341 2438 491 2496 satis
522 2438 787 2516 amplam
818 2438 1013 2498 laudis
1044 2442 1378 2500 materiem.

430 2537 759 2608 Quodnam
811 2539 999 2617 igitur
1052 2540 1184 2609 erit,
1226 2539 1603 2610 Academici,
1646 2540 1953 2600 excellens
1997 2537 2149 2597 illud

340 2657 414 2696 ac
436 2638 747 2716 proprium
768 2637 1074 2717 Euripidis
1098 2641 1511 2717 praeconium?
1550 2661 1744 2718 quave
1767 2640 2149 2718 potissimum

343 2737 590 2816 regione
619 2757 963 2815 quaeremus
993 2739 1233 2800 abditos
1263 2740 1392 2817 ejus
1421 2759 1672 2817 poeseos
1700 2738 1940 2798 fontes?
2030 2736 2149 2795 Ni-

342 2836 430 2894 hil
488 2837 588 2896 hic
647 2857 935 2896 arcanum
989 2839 1263 2910 dicimus,
1314 2838 1466 2896 nihil
1525 2859 1648 2896 non
1699 2838 1865 2896 omni
1923 2835 2147 2896 saeculo

341 2937 770 2997 decantatum:
818 2938 1093 2997 extitisse
1124 2938 1409 2997 videlicet
1446 2938 1620 2996 illum
1651 2939 1864 3006 virum,
1894 2944 1966 2995 ut
2003 2955 2145 2995 cum

342 3034 681 3095 Aristotele
710 3035 991 3114 loquarm,
1014 3039 1453 3118 τραγικώτατον
1473 3042 1585 3096 τῶν
1608 3041 1871 3107 ποιητῶν.
1944 3037 2145 3108 Quam

337 3136 708 3194 sententiam
745 3155 886 3194 cum
917 3137 1102 3195 ferret
1138 3137 1375 3196 subtilis
1409 3138 1622 3214 judex,
1654 3137 1730 3195 ad
1762 3156 1901 3194 eum
1932 3136 2146 3213 opinor

338 3234 526 3293 finem
557 3237 824 3312 respexit
854 3236 1208 3315 Tragoediae,
1241 3256 1423 3314 quem
1461 3243 1757 3295 statuerat
1786 3236 1914 3313 ipse
1945 3240 2141 3301 antea,

339 3352 561 3411 nempe
591 3342 764 3393 metu
801 3343 865 3394 et
908 3337 1318 3395 misericordia
1357 3335 1700 3415 purgandos
1731 3354 1860 3394 esse
1891 3333 2142 3393 affectus

339 3433 674 3492 hominum.
767 3434 909 3494 Una
952 3442 1045 3494 est
1090 3443 1299 3495 autem
1342 3435 1617 3493 omnium
1656 3453 1794 3503 vox,
1835 3433 2141 3491 neminem

1093 3623 1137 3647 m
1159 3616 1286 3661 Poet.
1311 3615 1383 3660 26.
