2288 4036
266 1323 860 1391 PRAELECTIO
917 1318 1471 1389 TRIGESIMA
1526 1317 1925 1386 TERTIA.

986 1594 1222 1605 aa*

227 1820 476 1864 Lucretium
495 1817 811 1875 simplicissimo
832 1817 1108 1872 usumsnisse
1127 1816 1422 1859 instrumento.
1477 1813 1683 1859 Describi
1703 1831 1730 1859 a
1746 1815 1895 1859 Poetis
1915 1814 1983 1859 vel

270 1890 485 1947 sabulosa
499 1890 568 1933 vel
578 1889 826 1946 pereminet,
840 1890 1009 1946 partim
1029 1887 1235 1946 ἀναλογίᾳ
1252 1887 1461 1939 adhibita,
1472 1888 1641 1944 partim
1654 1888 1853 1945 propriis
1869 1902 1980 1930 com-

284 1962 467 2004 muniter
483 1959 689 2003 dicendis.
742 1959 954 2016 Exempla
974 1960 1064 2015 ejus
1076 1959 1265 2016 peritiae,
1286 1958 1364 2001 sed
1381 1959 1571 2009 rariora,
1589 1958 1706 2015 apud
1716 1958 1980 2002 Lucretium.

285 2033 510 2077 Delectari
528 2047 622 2075 eum
639 2031 886 2089 praesertim
905 2031 1100 2082 nubibus,
1121 2031 1338 2087 sylvisque
1359 2030 1709 2087 contemplandis.
1777 2031 1984 2088 Componi

278 2120 409 2163 posse
428 2120 520 2148 enm
540 2104 688 2161 aliqua
708 2118 758 2146 ecc
770 2109 903 2160 parte
924 2118 1016 2146 cnm
1038 2102 1215 2146 laudato
1238 2103 1503 2155 Florentino,
1526 2103 1687 2146 Dante.

377 2246 584 2304 IDEO
622 2266 720 2303 me
764 2246 1198 2321 imprudentem
1248 2246 1434 2302 ferme
1474 2246 1535 2301 in
1582 2245 1642 2301 id
1692 2245 1983 2311 incidisse,

410 2341 773 2408 Academici,
796 2348 878 2408 ut,
910 2341 1012 2397 ubi
1040 2342 1312 2398 docerem
1341 2341 1620 2397 Lucretio
1643 2341 1986 2414 cumprimis

229 2438 515 2513 placuisse
543 2438 695 2494 hanc
723 2437 857 2494 oaeli
888 2457 955 2493 ac
986 2446 1274 2494 terrarum
1312 2437 1836 2512 specien1,—quod
1870 2439 1986 2512 pri-

228 2552 393 2589 mum
430 2541 606 2607 caput
642 2540 768 2589 erat
807 2533 1220 2607 disputationis
1251 2533 1325 2588 de
1363 2551 1433 2589 eo
1475 2540 1982 2607 susceptae,—non

229 2647 415 2702 pauca
441 2628 763 2695 attulerim,
795 2648 923 2703 quae
953 2629 1315 2702 pertinerent
1354 2629 1427 2683 ad
1473 2627 1719 2684 alteram
1747 2648 1983 2703 quoque

229 2725 355 2799 ejus
400 2733 665 2799 partem3
710 2725 876 2798 cujus
924 2743 1154 2780 summa
1198 2731 1340 2790 erat,
1376 2724 1509 2778 ideo
1552 2725 1813 2781 maxime
1860 2724 1985 2781 Na-

231 2828 376 2876 turae
428 2839 488 2876 se
539 2821 833 2877 addixisse
884 2820 1327 2876 memorabilem
1374 2820 1583 2888 virum,
1619 2821 1775 2894 quod
1828 2823 1984 2897 apud

228 2936 362 2973 eam
414 2924 747 2973 occurreret
798 2916 1190 2991 undequaque
1238 2917 1435 2972 nescio
1487 2916 1628 2989 quid
1686 2916 1983 2973 infinitum

231 3019 293 3068 et
344 3013 695 3069 obscurum:
756 3011 849 3068 vel
899 3013 1194 3086 quoniam,
1245 3010 1485 3085 Epicuri
1538 3020 1699 3068 certe
1740 3013 1983 3086 judiciO,

231 3109 426 3181 potuit
471 3127 639 3164 mens
688 3108 874 3164 libera
925 3127 992 3164 ac
1045 3107 1238 3163 soluta
1281 3109 1477 3183 vagari
1538 3128 1642 3182 per
1698 3109 1988 3167 immensa

231 3202 332 3260 illa
376 3211 438 3260 et
484 3210 646 3260 vasta
687 3205 813 3261 sine
856 3204 1046 3260 limite
1090 3204 1295 3278 spatia,
1340 3203 1551 3261 “ultra
1598 3204 1773 3280 longe
1822 3205 1990 3261 flam-

232 3300 454 3355 mantia
495 3300 712 3356 moenia
755 3300 960 3356 mundi
982 3299 1030 3355 :''
1079 3299 1170 3354 vel
1215 3306 1454 3374 propter
1492 3300 1985 3358 innumerabilem

229 3401 559 3450 atomorum
605 3396 866 3462 chorum,
896 3395 1020 3451 >huc
1065 3394 1205 3450 illuc
1250 3397 1308 3451 in
1349 3415 1533 3452 vacuo
1572 3397 1985 3454 volitantium:

233 3489 324 3544 vel
371 3490 622 3564 denique
665 3493 827 3547 mirae
867 3490 1187 3547 celeritatis
1228 3510 1420 3558 causa,
1451 3512 1568 3566 qua
1609 3493 1740 3549 ferri
1775 3493 1987 3569 agique

234 3603 324 3641 res
371 3603 572 3642 omnes
620 3587 779 3642 omni
828 3593 1093 3660 tempore
1141 3586 1254 3642 fuit
1295 3588 1508 3661 opinio,
1597 3588 1734 3644 Jam
1785 3609 1988 3665 aggre-
