2288 4036
178 299 333 331 PRAEL.
353 297 536 330 xxxw.
597 279 706 330 Cur
732 276 858 330 bella
884 277 1058 341 oderit,
1089 278 1268 329 Romae
1293 278 1684 329 amantissimae.
1823 280 1926 332 735

178 421 409 476 obstare
437 426 498 474 et
528 417 778 482 officere,
809 435 984 491 quam
1025 415 1289 473 Martem
1326 424 1506 490 atque
1542 434 1719 472 arma.
1806 414 1930 471 Au-

178 516 300 571 dite
330 513 506 570 modo
536 512 971 569 exclamant-em
991 508 1023 578 f,

942 619 1030 662 Tot
1049 619 1164 663 bella
1183 633 1262 676 per
1282 618 1450 670 orbem,

411 692 524 735 Tam
543 693 697 735 multae
720 692 935 735 scelerum
955 691 1087 734 facies
1105 707 1114 734 z
1148 705 1242 733 non
1262 691 1381 734 ullus
1403 697 1547 734 aratro

412 763 591 821 Dignus
613 763 757 807 1101103
778 781 788 807 :
822 764 1025 821 squalent
1047 763 1250 807 abductis
1273 778 1377 806 arva
1397 764 1580 815 colonis,

410 837 468 880 Et
489 850 636 880 curvae
657 835 855 893 rigidum
875 836 1009 879 falces
1031 836 1283 879 conflantur
1302 836 1350 878 in
1371 850 1542 879 ensem.

260 937 430 995 Idem
475 938 676 1012 paucis
720 945 858 994 ante
900 937 1160 995 versibus
1203 957 1321 1012 prae
1366 957 1427 994 se
1472 936 1691 994 tulerat
1735 938 1931 996 exsul-

176 1035 354 1090 tantis
385 1034 667 1109 speciem‚'
687 1053 823 1090 cum
854 1035 1212 1109 praediceret,
1245 1035 1370 1090 fore
1400 1042 1468 1090 ut
1496 1035 1713 1091 iterum
1743 1036 1931 1092 domi-

174 1138 390 1187 nentur
440 1131 497 1185 in
553 1149 761 1205 campo
813 1130 1176 1206 Philippensi
1228 1130 1391 1187 nulla
1441 1132 1549 1188 nisi
1608 1133 1929 1208 agrestium

172 1245 335 1282 arma
354 1235 395 1282 ἕ.

411 1326 586 1370 Scilicet
608 1333 650 1370 et
672 1334 848 1383 tempus
870 1327 1028 1378 veniet,
1048 1341 1150 1370 cum
1173 1327 1336 1371 finibus
1358 1327 1442 1370 illis

407 1399 630 1456 Agricola,
647 1399 833 1442 incurvo
854 1406 1013 1442 terram
1038 1399 1219 1442 molitus
1240 1406 1397 1451 aratro,

407 1471 552 1513 Exesa
571 1471 763 1513 inveniet
784 1470 939 1515 scabra
959 1470 1164 1528 rubigine
1186 1471 1287 1527 pila,

409 1543 466 1586 Et
487 1544 698 1600 gravibus
719 1543 871 1586 rastris
893 1545 1038 1600 galeas
1060 1543 1255 1600 pulsabit
1276 1543 1444 1595 inanes,

410 1614 693 1673 Grandiaque
714 1615 887 1659 effossis
908 1616 1143 1659 mirabitur
1164 1630 1265 1658 ossa
1285 1615 1545 1672 sepulchris.

256 1715 433 1783 Quid,
465 1717 619 1790 quod
655 1715 952 1780 Melibaeo,
985 1716 1258 1772 exsilium
1293 1735 1463 1772 suum
1497 1717 1842 1793 deploranti,
1869 1721 1929 1776 id

171 1830 293 1886 prae
324 1812 547 1868 caeteris
578 1812 866 1886 significat
897 1813 1110 1868 durum
1141 1813 1265 1869 fore
1307 1820 1369 1870 et
1413 1814 1738 1891 indignum,
1772 1818 1928 1891 quod

170 1908 231 1962 in
262 1907 648 1983 legionarium
679 1909 876 1966 nescio
907 1929 1083 1984 quem
1130 1918 1286 1966 sorte
1331 1930 1562 1968 cessura
1593 1913 1709 1969 sint
1748 1914 1929 1988 ipsius

172 2004 390 2077 praedia
407 2000 434 2038 h
453 2003 474 2061 ἲ

406 2115 577 2172 Impius
599 2115 695 2160 haec
716 2123 807 2159 tam
829 2117 948 2160 culta
967 2118 1142 2161 novalia
1163 2118 1288 2162 miles
1309 2119 1517 2164 habebit?

406 2187 631 2232 Barbarus
652 2188 732 2232 has
757 2193 956 2245 segetes?
988 2190 1060 2232 En
1082 2205 1170 2248 quo
1193 2190 1414 2236 discordia
1434 2193 1551 2238 cives

406 2260 619 2304 Perduxit
641 2261 851 2305 miseros!
886 2276 938 2304 en
963 2262 1088 2320 queis
1111 2267 1394 2308 consevimus
1416 2270 1572 2323 agros!

172 2360 426 2419 Facilius
457 2364 891 2437 quodammodo
932 2363 1157 2421 laturus
1199 2373 1341 2433 erat,
1372 2366 1487 2423 alio
1518 2368 1724 2442 quovis
1768 2369 1932 2426 invo-

171 2457 332 2516 lante
368 2460 429 2517 in
467 2478 596 2516 eam
633 2461 1092 2535 possessionem:
1141 2481 1258 2536 quo
1288 2463 1484 2519 animo
1514 2464 1639 2521 fore
1670 2466 1932 2522 credide-

169 2555 277 2610 rim
305 2573 404 2612 eos
433 2556 755 2630 praesertim
786 2555 1088 2632 agricolaS,
1107 2559 1205 2631 qui
1237 2577 1347 2615 usu
1372 2558 1720 2626 didicerunt,
1743 2561 1931 2635 qualis

131 2716 137 2719 -
171 2650 246 2706 sit
278 2658 604 2708 castrorum
637 2652 868 2708 vicinia..

255 2745 479 2805 Mirere
509 2767 665 2815 ver0,
696 2749 756 2804 in
786 2748 1024 2805 homine
1057 2749 1326 2807 Romano
1356 2752 1636 2809 insedisse
1666 2759 1789 2809 tam
1830 2773 1933 2829 pe-

170 2844 328 2901 nitus
366 2844 566 2901 odium
607 2845 691 2901 rei
731 2844 989 2902 bellicae:
1039 2865 1221 2921 quum
1266 2848 1589 2922 praesertim
1633 2850 1757 2924 ipse
1789 2850 1930 2909 Vir-

168 2938 344 3015 gilius
368 2939 639 2997 Romano
673 2940 774 2997 illo
806 2941 1016 3016 spiritu
1045 2948 1417 3017 nequaquam
1447 2946 1714 3013 caruerit,
1735 2965 1928 3022 neque

170 3041 359 3091 cesset
397 3054 658 3110 unquam
701 3054 777 3091 ex
821 3037 1019 3093 animo
1063 3038 1394 3113 triumphos
1434 3059 1623 3116 agere,
1655 3041 1716 3096 in
1753 3041 1927 3099 solito

169 3129 271 3185 illo
292 3131 364 3186 de
388 3137 615 3206 septem
637 3132 882 3199 arcibUS,
904 3140 966 3189 et
989 3133 1285 3191 debellato
1311 3135 1450 3192 orbe
1470 3155 1712 3212 campo:
1744 3137 1927 3194 immo

170 3225 311 3282 locis
350 3226 665 3302 aliquando
702 3228 841 3285 satis
887 3229 1093 3286 alienis
1134 3231 1498 3289 mentionem
1529 3234 1654 3308 ejus
1685 3233 1931 3290 solerter

170 3321 456 3380 intulerit.
544 3323 819 3400 Exempli
850 3326 1041 3401 gratia
1060 3321 1108 3383 i2

1061 3424 1228 3469 Omnia
1251 3428 1419 3470 secum‘

406 3493 715 3538 Armentarius
737 3495 845 3539 Afer
865 3496 971 3553 agit,
993 3502 1249 3555 tectumque
1271 3497 1533 3557 Laremque,

230 3626 247 3657 f
271 3629 423 3684 Geory.
440 3643 479 3672 1.
496 3640 596 3683 505.
719 3637 743 3668 8
765 3630 876 3673 Jbid.
895 3643 997 3687 495.
1118 3631 1143 3661 ¹²
1164 3631 1265 3675 ΕΟΖ.
1289 3645 1326 3675 1.
1348 3644 1417 3689 71.
1539 3632 1552 3663 i
1579 3634 1734 3690 Geory.
1760 3649 1802 3691 3.
1826 3651 1929 3694 344.
