2288 4036
197 288 351 330 RRAEL.
369 285 538 318 xxvn.
582 273 797 336 propter
821 266 1104 334 opinionem
1130 265 1388 334 quandam
1414 263 1715 315 sanctitatis.
1845 264 1947 313 551

199 428 386 484 neque
417 407 594 483 vulgo
635 405 944 482 legebatur
986 424 1179 479 neque
1210 404 1519 462 dicebatur
1548 404 1622 461 de
1653 404 1952 478 superiore

199 505 353 562 loco:
385 502 894 578 conjungebantur
913 501 1110 557 omnia
1134 519 1269 557 cum
1289 498 1539 555 Musicis
1558 497 1765 565 modiS,
1786 516 1951 553 cum-

198 620 310 676 que
354 605 635 675 apparatu
680 615 861 673 prope
891 596 1164 653 scenico:
1214 596 1380 670 cujus
1411 595 1575 669 quasi
1620 592 1949 669 fulgoribus

198 695 471 754 effectum
513 701 620 762 est,
651 701 720 750 ut
750 694 916 768 siqua
945 699 1099 750 esset
1136 693 1412 749 audacior
1455 689 1655 766 paullo
1686 708 1948 756 censura,

199 811 273 850 ne
315 802 515 849 tamen
560 810 630 847 ea
668 790 862 865 palam
900 790 960 845 in
1003 789 1203 846 oculos
1238 788 1494 863 profanae
1536 787 1726 863 plebis
1756 788 1950 842 incur—

197 895 368 946 reret.
455 888 686 956 Quotus
717 888 875 943 enim
907 887 1170 962 quisque,
1201 892 1371 942 tauto
1402 885 1600 941 sonitu
1642 891 1771 940 tum
1814 902 1951 940 can-

198 985 450 1041 tantium
494 991 624 1040 tum
661 1002 1030 1060 organorum,
1065 982 1158 1039 vel
1188 982 1426 1038 auribus
1470 980 1800 1056 percepisse
1843 998 1950 1055 pu-

196 1081 408 1140 tandus
438 1088 528 1137 est
557 1100 790 1139 sensum
825 1099 1029 1136 eorum
1061 1099 1194 1155 quae
1226 1077 1620 1136 canebantur!

279 1175 509 1235 Verum
548 1179 847 1232 enimvero
884 1176 943 1231 in
993 1176 1153 1231 omni
1193 1174 1308 1230 hoc
1347 1180 1698 1250 argumento
1735 1174 1949 1249 primas

196 1291 432 1330 necesse
462 1280 551 1329 est
582 1273 848 1329 obtineat
878 1272 977 1328 ille
1008 1271 1172 1329 locus
1200 1272 1299 1346 qui
1331 1290 1467 1328 cum
1498 1270 1782 1346 religione
1812 1290 1952 1327 con-

188 1370 490 1446 jungitur:
552 1388 682 1426 eam
732 1370 862 1426 dico
914 1368 1276 1444 religionem,
1326 1387 1442 1443 qua
1492 1366 1728 1425 Graecia
1777 1374 1950 1425 vetus

198 1466 660 1542 prosequebatur
703 1485 818 1532 eOS,
865 1467 964 1540 qui
1016 1465 1373 1522 carminibus
1423 1483 1661 1539 operam
1711 1464 1948 1520 dabant.

200 1563 501 1621 Nimirum
549 1563 631 1636 (id
674 1563 830 1637 quod
874 1570 1071 1619 narrat
1110 1561 1349 1619 Tacitus
1393 1561 1467 1618 de
1512 1561 1766 1618 foeminis
1803 1560 1953 1618 Ger-

199 1661 529 1731 manorum)
562 1659 751 1715 inesse
795 1664 1065 1714 sanctum
1102 1657 1243 1731 quid
1287 1675 1355 1713 ac
1399 1655 1710 1731 providum
1748 1653 1951 1711 Poetis

197 1755 520 1831 putabant3
572 1773 821 1829 eamque
866 1755 1203 1829 opinionem
1255 1773 1326 1809 eo
1377 1753 1566 1829 magis
1610 1759 1754 1808 tunc
1799 1758 1952 1808 tem-

197 1853 352 1927 poris
403 1852 655 1928 viguisse
699 1852 1065 1918 crediderim,
1103 1852 1259 1927 quod
1304 1847 1608 1929 ῥαψῳδοῖς,
1643 1851 1743 1925 qui
1783 1868 1952 1906 voca-

199 1950 426 2016 bantur,
458 1949 594 2024 styli
624 1948 719 2005 vel
764 1948 959 2006 nullus
1000 1955 1125 2005 erat
1163 1967 1300 2006 usus
1330 1947 1426 2004 vel
1463 1955 1623 2005 certe
1663 1965 1955 2023 perrarus,

200 2044 371 2102 Nihil
421 2064 681 2120 unquam
733 2065 807 2102 ex
867 2046 1085 2120 scripto
1136 2045 1486 2112 recitabant,
1539 2043 1641 2101 sed
1690 2044 1952 2100 carmina

198 2142 525 2199 fundebant
574 2162 679 2218 pro
738 2162 801 2199 re
851 2162 919 2199 ac
970 2150 1258 2218 tempore,
1313 2141 1494 2199 veluti
1546 2141 1758 2216 quibus
1810 2159 1952 2197 aura

197 2240 468 2315 quaedam
501 2239 750 2296 divinior
778 2239 1110 2296 afflavisset.

281 2336 375 2394 Sit
406 2356 542 2394 vero
573 2336 712 2394 satis
742 2355 872 2393 eam
918 2355 1043 2393 rem
1089 2335 1272 2393 semel
1304 2342 1542 2392 tantum
1584 2334 1682 2392 hic
1726 2353 1953 2391 memo!-

196 2453 367 2501 rasse,
397 2434 768 2491 manifestam
802 2434 996 2502 nimiS,
1025 2434 1348 2509 tritamque
1381 2433 1612 2509 jamdiu
1654 2432 1950 2508 proverbii

198 2530 381 2587 ferme
410 2530 560 2586 ritu:
602 2529 929 2605 praesertim
974 2530 1130 2605 apud
1163 2530 1428 2598 Latinos,
1459 2549 1711 2605 quorum
1740 2530 1802 2585 in
1833 2548 1952 2586 ser-

198 2645 372 2684 mone
415 2626 593 2683 verba
642 2625 762 2693 illa,
805 2623 1044 2694 Canere,
1086 2625 1353 2694 Carmen,
1402 2624 1583 2693 VateS,
1629 2625 1949 2701 ancipitem

198 2723 490 2798 quandam
526 2723 859 2780 habuerunt
890 2724 1044 2792 vim3
1097 2724 1338 2781 fuerunt
1364 2722 1642 2780 videlicet
1670 2742 1948 2799 magnam

196 2826 424 2895 partem
464 2820 782 2896 auguribus
827 2821 1164 2877 communia
1200 2840 1336 2877 cum
1373 2819 1592 2877 Poetis,
1682 2820 1947 2888 Quarum

195 2923 397 2974 autem
432 2917 702 2993 gentium
746 2917 1042 2992 popularis
1072 2937 1189 2974 vox
1223 2923 1285 2974 et
1329 2917 1532 2994 lingua
1573 2924 1802 2974 tantam
1846 2917 1950 2975 ha-

195 3012 859 3089 buit'significationem
906 3014 1170 3071 arctioris
1215 3014 1520 3090 cujusdam
1564 3015 1950 3072 necessitudi-

196 3108 306 3178 nis,
342 3127 456 3183 qua
496 3108 961 3179 Divinationem,
994 3130 1171 3186 quam
1211 3118 1442 3179 vocant,
1483 3112 1685 3188 attigit
1727 3110 1946 3177 PoesiS,

197 3205 351 3280 apud
382 3205 618 3262 easdem
649 3213 710 3262 et
740 3207 849 3281 ipsi
880 3226 998 3263 non
1029 3227 1158 3264 raro
1187 3207 1443 3285 Tyranni
1477 3208 1762 3285 religione
1804 3228 1949 3265 non-

196 3301 359 3359 nulla
401 3302 659 3359 devincti
698 3305 1072 3373 tenebantur,
1109 3312 1170 3362 et
1214 3325 1428 3383 magno
1467 3305 1668 3364 Poetis
1712 3307 1948 3363 futurus

199 3404 324 3455 erat
366 3399 654 3474 praesidiO,
695 3399 991 3457 liberrime
1036 3407 1098 3457 et
1141 3403 1504 3460 severissime
1548 3403 1945 3471 monentibuS,

199 3492 386 3568 plebis
438 3496 618 3564 favor,
667 3515 785 3554 non
843 3497 1015 3555 facile
1071 3517 1339 3574 passurae,
1395 3500 1574 3576 siquis
1632 3501 1947 3559 immanius
