2288 4036
340 1180 934 1252 PRAELECTIO
985 1184 1469 1251 VIGESIMA
1521 1183 1861 1249 PRIMA.

978 1420 1223 1430 ..——..——

222 1572 490 1638 Disputatur
519 1579 572 1623 de
604 1574 869 1637 Choephoris
893 1578 1116 1635 AEschyli‚
1148 1573 1342 1633 miti-yari
1377 1576 1467 1632 ejus
1489 1575 1662 1632 fabulae
1693 1574 1981 1625 atrocitatem,

276 1656 436 1712 primo,
457 1660 630 1698 servata
650 1655 838 1697 solennis
857 1653 1066 1709 sacrificii
1086 1652 1254 1694 ratione
1266 1669 1286 1698 ;
1319 1650 1472 1693 deinde
1491 1650 1710 1707 Apollinis
1731 1655 1773 1692 et
1792 1649 1980 1692 sanctis-

280 1726 382 1769 simi
416 1727 596 1770 Oraculi
626 1726 866 1769 interventu
878 1743 898 1773 ;
942 1725 1084 1775 tertio,
1115 1723 1257 1766 nescio
1292 1737 1377 1779 qua
1410 1722 1671 1778 coqitatione
1700 1720 1980 1777 Agla-memno-

278 1798 353 1841 nis
378 1799 529 1855 ipsius,
547 1813 689 1856 prope
709 1797 942 1855 proesentis
953 1815 973 1845 ,·
1000 1801 1233 1853 postremo,
1256 1795 1433 1838 lenitate
1458 1794 1628 1838 Orestis
1660 1807 1712 1836 ac
1735 1792 1983 1850 praesertim

285 1869 490 1914 Electroe.

383 2000 563 2066 UOD
601 2003 825 2084 placuit
868 2002 1050 2075 vobis,
1087 2001 1451 2074 Academici,
1483 2004 1828 2082 benigniore
1867 2000 1988 2062 usis

413 2106 660 2180 judicic,
706 2125 882 2179 quam
928 2106 1169 2172 veriore,
1219 2105 1523 2181 egregium
1576 2121 1792 2159 munus
1838 2099 1985 2159 mihi

231 2200 589 2261 demandare
602 2204 729 2278 jam
753 2204 814 2259 in
838 2203 1092 2260 alterum
1119 2203 1613 2277 quinquennium3
1647 2201 1866 2278 gratias
1889 2213 1991 2256 'vo-

229 2300 319 2357 bis
365 2319 475 2376 ago
521 2302 842 2369 maximas3
886 2319 954 2357 ac
1001 2302 1191 2357 sentio
1234 2299 1426 2375 plane,
1468 2298 1779 2355 cumulum
1825 2297 1986 2354 haud

227 2398 527 2454 modicum
568 2407 698 2454 tum
730 2405 923 2454 vestro
964 2397 1273 2464 beneficiO,
1304 2404 1434 2453 tum
1476 2396 1640 2452 oneri
1676 2414 1711 2452 a
1738 2412 1837 2451 me
1868 2413 1992 2452 sus*

230 2501 405 2570 cepto
436 2495 766 2552 accessisse.
855 2495 1015 2550 Nam
1046 2493 1484 2568 quodammodo
1522 2492 1712 2566 majus
1750 2498 1856 2557 est,
1889 2509 1992 2547 ex*

230 2597 428 2665 pertos
475 2591 707 2647 veniam
759 2590 897 2646 dare
947 2586 1302 2654 immerenti,
1351 2603 1530 2662 quam
1578 2587 1652 2643 de
1691 2587 1990 2643 intentato

230 2687 542 2762 magnifice
582 2687 756 2743 nimis
794 2687 1029 2743 sentire.
1116 2683 1207 2741 Ac
1239 2684 1452 2740 vellem
1484 2684 1760 2758 equidem
1791 2701 1992 2759 super-

232 2789 387 2839 esset
429 2781 576 2837 mihi
619 2781 752 2857 plus
783 2781 877 2837 vel
921 2781 1142 2857 ingenii
1171 2778 1266 2836 vel
1297 2785 1458 2836 certe
1489 2778 1612 2846 otii,
1642 2786 1712 2835 ut
1752 2798 1992 2836 accura-

231 2879 383 2935 tiore
436 2877 536 2934 filo
598 2878 890 2934 deducere
947 2892 1180 2953 possem
1240 2876 1525 2950 reliquam
1583 2875 1736 2932 hanc
1795 2877 1868 2932 de
1928 2895 1991 2932 re

234 2976 468 3051 poetica
491 2975 970 3050 disputationem.
1031 2973 1215 3048 Cujus
1246 2989 1384 3029 sane
1407 2972 1482 3028 ad
1512 2984 1805 3029 summam
1829 2972 1990 3046 quod

234 3072 469 3140 attinet,
513 3071 758 3128 minime
808 3090 906 3127 me
954 3071 1080 3146 ejus
1129 3070 1418 3145 poenitere
1465 3068 1752 3137 dixerim3
1803 3069 1988 3126 immo

235 3182 373 3225 vero
405 3168 478 3225 de
506 3169 603 3225 die
633 3168 694 3224 in
725 3168 882 3224 diem
923 3169 1174 3225 certiora
1208 3167 1334 3241 ejus
1364 3166 1564 3223 videre
1608 3165 1755 3222 mihi
1787 3166 2001 3223 videor

236 3263 469 3321 indicia.

320 3354 440 3416 Sed
470 3359 772 3416 veniamus
809 3359 882 3415 ad
913 3372 1038 3415 rem
1074 3355 1436 3424 hodiernam,
1466 3357 1527 3414 id
1558 3363 1664 3424 est,
1694 3357 1771 3414 ad
1802 3355 1993 3416 Choe-

235 3454 447 3529 phoras
493 3451 797 3531 AEschyli3
873 3474 1004 3529 quae
1062 3455 1280 3523 fabula,
1335 3455 1426 3511 uti
1492 3460 1711 3511 norunt
1769 3472 1990 3521 omneS,

234 3537 431 3608 altera*
452 3551 637 3608 ferme
667 3568 799 3626 pars
829 3557 919 3608 est
938 3549 1422 3627 Agamemnonis.
1477 3550 1709 3610 Verum
1739 3550 1797 3606 in
1831 3560 1901 3606 e'a
1930 3568 1993 3606 re

1062 3663 1096 3703 c
1128 3665 1159 3703 c
