2288 4036
204 269 361 302 PRAEL.
383 268 573 300 xxvm.
621 249 698 301 ita
725 256 906 311 tame-n,
934 255 992 299 ut
1003 263 1252 316 personas
1275 247 1364 298 vix·
1387 248 1515 298 satis
1540 246 1719 297 variet.
1854 245 1965 300 567

206 395 442 469 Nempe
471 393 718 450 artificio
750 393 935 467 magis
965 392 1186 448 eximio
1217 389 1535 446 declaravit
1566 388 1755 463 qualis
1779 389 1959 444 fuerit

203 509 401 566 angor,
456 507 631 562 quem
689 489 814 562 ipse
866 487 1032 544 flenti
1082 486 1298 544 adfiere
1346 486 1505 541 visus
1556 492 1662 541 est.
1752 484 1958 541 Velim

203 586 377 642 modo
407 585 518 640 ista
548 584 811 640 conferat
841 583 1050 657 aliquis
1081 603 1216 639 cum
1249 582 1545 638 flebilibus
1567 579 1956 637 Hebraeorum

203 680 408 747 modis,
461 679 705 736 Davidis
757 681 908 747 dieo,
962 679 1165 744 Hiobi‚
1218 678 1575 744 Hezechiae3
1623 677 1961 751 quicunque

206 776 427 851 Spiritu
468 775 778 850 plusquam
810 776 1068 866 humano
1099 775 1423 832 cecinerint
1454 773 1594 847 quid
1626 779 1866 848 possent
1897 772 1958 827 in

202 873 374 948 aegris
417 871 764 929 mortalibus
808 880 971 928 artus
1008 871 1271 935 cruciati,
1304 890 1404 927 cor
1433 870 1741 946 languens,
1771 869 1962 924 omnis

203 968 302 1025 ille
346 968 509 1042 quasi
555 975 870 1043 apparatus
913 968 1254 1023 mor-borum
1299 986 1367 1023 ac
1412 966 1630 1023 doloris
1678 965 1961 1040 corporei.

203 1064 477 1120 Invenies
528 1064 810 1138 profect0‚
857 1081 1062 1120 eorum
1110 1063 1374 1119 lamenta
1431 1062 1678 1118 mirifice
1722 1080 1962 1136 respon-

203 1161 341 1216 dere
376 1161 446 1216 iis
478 1160 736 1227 vocibus,
767 1178 911 1233 quas
953 1160 1028 1216 ab
1068 1158 1490 1235 aegrotantibus
1520 1158 1786 1232 quotidie
1831 1177 1983 1214 sen--

203 1256 384 1312 timus
421 1255 649 1311 emitti:
699 1254 1004 1330 singultim
1036 1254 1475 1329 quodammodo
1511 1253 1789 1310 brevibus
1827 1272 1966 1310 acu-

203 1352 396 1426 tisque
442 1350 719 1407 clausulis
765 1349 929 1407 velut
973 1351 1099 1425 ipsa
1141 1350 1197 1404 vi
1242 1348 1382 1404 mali
1435 1348 1510 1404 ab
1555 1347 1676 1404 imo
1721 1355 1964 1423 pectore

202 1447 467 1504 extortis
553 1445 706 1502 Tum
751 1446 955 1502 orbem
1001 1453 1309 1511 terrarum,
1351 1451 1419 1500 ut
1463 1443 1549 1500 ita
1585 1444 1794 1511 dicam,
1834 1463 1965 1518 per-

201 1550 424 1618 agrant,
463 1542 782 1617 quaerendo
827 1541 1264 1608 similitudineS‚
1309 1541 1357 1597 si
1403 1540 1555 1597 forte
1593 1541 1817 1615 possint
1861 1559 1964 1600 ex-

202 1637 418 1713 plicare
469 1637 670 1713 lingua
720 1656 960 1694 arcanos
1013 1644 1074 1693 et
1121 1636 1478 1692 miserrimos
1530 1654 1767 1693 sensus:
1822 1655 1959 1693 cum

211 1731 498 1789 Hercules
533 1732 635 1789 ille
682 1731 1064 1807 Sophocleus,
1084 1733 1251 1807 justa
1290 1731 1574 1798 oratione,
1607 1731 1794 1806 magis
1824 1732 1965 1805 quid

203 1829 300 1885 alii
331 1830 633 1886 adstantes
663 1828 948 1905 cogitent,
979 1848 1156 1903 quam
1189 1827 1329 1903 quid
1365 1828 1490 1902 ipse
1530 1828 1691 1883 intus
1733 1829 1969 1895 sentiat,

206 1945 501 2001 exponere
529 1926 819 1982 videatur.

289 2022 580 2080 Praeterea
623 2022 966 2089 videndum,
1009 2041 1084 2078 an
1135 2023 1289 2097 apud
1339 2021 1698 2097 Sophoclem
1751 2022 1966 2079 diversi

204 2126 447 2187 actores,
479 2120 685 2177 iisdem
733 2119 855 2174 fere
896 2117 1334 2175 calamitatibus
1380 2119 1597 2185 obruti,
1634 2118 1774 2174 satis
1811 2119 1970 2174 inter

205 2234 267 2272 se
291 2216 657 2291 discrepent;
703 2234 779 2271 ex
810 2214 941 2291 lege
963 2214 1241 2271 videlicet
1267 2222 1328 2271 et
1351 2222 1634 2289 tanquam
1659 2234 1736 2270 ex
1765 2216 1966 2272 edicto

208 2311 470 2379 Naturae,
502 2331 801 2386 nunquam
848 2312 932 2368 ita
962 2312 1356 2386 comparantis
1388 2330 1564 2386 opera
1595 2332 1715 2378 sua,
1747 2320 1815 2368 ut
1847 2313 1965 2369 duo

207 2409 393 2483 quivis
434 2409 779 2475 animanteS‚
809 2427 885 2464 ne
931 2409 1122 2464 dicam
1168 2407 1454 2473 homineS,
1486 2408 1638 2464 alter
1680 2408 1850 2464 alteri
1889 2428 1966 2465 ex

207 2505 365 2560 omni
404 2511 571 2579 parte
615 2504 1025 2579 respondeant.
1113 2503 1310 2571 Quam
1348 2520 1473 2559 rem
1506 2504 1606 2578 qui
1637 2524 1755 2560 non
1786 2506 1965 2562 modo

206 2600 357 2657 bene
388 2600 772 2675 perspexerit,
805 2618 1010 2654 verum
1042 2600 1224 2655 etiam
1255 2600 1340 2655 ita
1370 2600 1632 2655 versibus
1662 2619 1971 2675 expresse-

208 2696 299 2763 rit,
331 2703 398 2752 ut
428 2697 617 2771 quivis
657 2702 1000 2772 agnosceret
1039 2714 1355 2752 commune
1395 2695 1616 2770 aliquid
1653 2716 1789 2752 cum
1825 2717 1971 2754 una-

208 2811 439 2867 quaque
482 2811 732 2868 persona
775 2792 1151 2858 sentientem,
1184 2792 1233 2848 is
1272 2791 1506 2867 proprio
1536 2793 1794 2866 quodam
1829 2794 1968 2868 jure

209 2889 324 2946 dici
355 2890 532 2946 debet
573 2898 635 2945 et
679 2889 880 2945 haberi
916 2888 1250 2954 Primarius,
1283 2907 1359 2944 ex
1398 2908 1469 2945 ea
1506 2889 1785 2946 videlicet
1819 2890 1968 2947 Poe-.

208 3002 338 3042 seos
366 2991 551 3060 parte,
582 3005 716 3060 quae
746 2986 821 3041 ad
851 2984 1098 3041 affectus
1126 2984 1438 3041 hominum
1467 2986 1750 3060 pertinet.

290 3079 497 3156 Atque
540 3090 609 3138 ut
661 3082 720 3137 in
769 3082 980 3137 eodem
1024 3080 1171 3148 loco,
1218 3082 1313 3138 cui
1357 3082 1700 3150 institimus,
1745 3084 1968 3141 diutius

211 3176 407 3251 paullo
451 3196 782 3245 versemur3
832 3177 1046 3243 videte,
1090 3177 1351 3244 obsecro,
1398 3196 1578 3252 quam
1628 3198 1836 3254 parum
1879 3181 1970 3236 in-

211 3273 380 3351 tersit
417 3273 573 3329 inter
604 3272 930 3330 Herculem
961 3279 1022 3329 et
1054 3272 1468 3341 Philoctetem,
1500 3275 1661 3355 quod
1697 3276 1772 3332 ad
1802 3274 1969 3332 dolo-

214 3385 303 3424 res
358 3366 692 3425 tolerandos
741 3369 974 3425 attinet.
1085 3368 1386 3426 Nimirum
1444 3377 1515 3426 ut
1576 3390 1761 3428 unum
1816 3371 1967 3428 illud

213 3462 486 3537 excipias,
522 3465 679 3538 quod
722 3463 970 3521 Herculi
1016 3464 1344 3526 identidem
1391 3468 1553 3525 venit
1594 3467 1658 3523 in
1701 3474 1966 3529 mentem.
