2288 4036
202 203 482 237 Pamnxxt.
737 181 916 252 quibus
940 182 1101 237 modis
1129 182 1421 251 leniorfiat.
1847 183 1947 235 411

550 322 648 366 ἄνευ
667 323 851 365 πολιτᾶν
870 319 1026 372 ἄνακτ’,

550 394 649 438 ἄνευ
670 394 716 438 δὲ
737 393 1015 449 πενθημάτων

549 468 676 523 ἔτλης
695 466 956 523 ἀνοίμωκτον
976 465 1109 522 ἄνδρα
1130 465 1286 523 θάψαι.

198 571 395 628 Etiam
428 570 528 627 ubi
561 569 691 626 Diis
721 568 923 626 inferis
954 568 1222 625 litabate:

546 694 650 746 αὔτῃ
671 689 707 734 τ’
731 690 824 746 ἐμοὶ
846 690 934 742 δὸς,
957 689 1325 747 σωφρονεστέραν
1342 688 1457 732 πολὺ

544 764 704 820 μητρὸς
723 763 941 820 γενέσθαι,
962 764 1090 820 χεῖρά
1110 762 1145 807 τ’
1171 762 1503 820 εὐσεβεστέραν.

195 848 364 920 Nihil
414 883 606 939 neque
654 864 858 932 lenius,
907 883 1100 939 neque
1146 865 1488 930 modestiUS,
1530 864 1644 940 dici
1696 870 1946 941 poterat,

193 959 306 1016 Illa
362 979 597 1034 quoque
654 979 773 1016 non
830 960 1008 1016 modo
1066 961 1275 1035 pudori
1336 962 1436 1016 sed
1490 968 1551 1017 et
1610 961 1949 1017 castissimae

191 1057 398 1131 pietati
459 1056 787 1123 tribuenda,
837 1057 1049 1130 quibus
1111 1075 1181 1113 ea
1239 1056 1502 1113 Chorum
1561 1056 1816 1113 consulit
1875 1057 1948 1112 de

189 1152 588 1228 religionibus,
626 1172 742 1227 quo
787 1159 1054 1227 tempore
1098 1152 1354 1226 primum
1399 1153 1460 1208 in
1504 1171 1741 1210 scenam
1787 1171 1949 1209 sacra

189 1249 381 1306 ferens
411 1244 779 1325 ingrediturf.

775 1361 956 1420 γένεσθε
976 1361 1109 1405 τῶνδε
1132 1359 1378 1418 σύμβουλοι
1398 1361 1512 1418 πέρι·

540 1435 687 1493 τυμβῷ
708 1433 875 1491 χέουσα
896 1434 1031 1478 τάσδε
1053 1434 1244 1489 κηδείους
1264 1435 1385 1492 χοάς,

537 1511 628 1552 πῶς
648 1505 822 1565 εὔφρον’
846 1504 977 1558 εἵπω;
1008 1510 1100 1551 πῶς
1120 1505 1386 1563 κατεύξωμαι
1406 1507 1539 1565 πατρί
1551 1525 1564 1559 ;

536 1578 698 1637 ποτέρα
717 1579 913 1637 λέγουσα
933 1579 1050 1637 παρὰ
1070 1579 1206 1637 φίλης
1225 1580 1348 1640 φίλῳ
1369 1579 1520 1638 φέρειν

537 1652 735 1709 γυναικὸς
755 1651 893 1708 ἀνδρὶ,
915 1653 990 1707 τῆς
1011 1651 1112 1708 ἐμῆς
1131 1652 1292 1709 μητρὸς
1311 1653 1454 1709 πάρας

536 1724 657 1767 τῶνδ’
680 1724 729 1766 οὐ
749 1724 934 1781 πάρεστι
956 1723 1132 1780 θάρσος,
1155 1723 1243 1767 οὐδ’
1269 1724 1356 1781 ἔχω
1377 1724 1420 1767 τί
1439 1723 1527 1779 φῶ,

535 1794 702 1853 χέουσα
722 1795 845 1839 τόνδε
864 1794 1057 1839 πέλανον
1078 1794 1123 1839 ἐν
1143 1797 1293 1855 τυμβῷ
1314 1798 1492 1854 πατρός.

188 1895 424 1953 Videtis
475 1915 592 1952 non
644 1903 869 1952 temere
920 1897 1315 1964 commoveri3
1368 1896 1515 1952 nihil
1565 1916 1641 1952 ex
1692 1895 1942 1952 libidine

182 2011 374 2067 agere,
405 2011 728 2048 memorem
773 1993 989 2067 quippe
1034 2001 1096 2049 et
1141 1993 1324 2048 divini
1370 2000 1432 2049 et
1475 1993 1721 2050 humani
1759 1993 1940 2067 juris:

181 2089 354 2145 matri
384 2095 585 2145 autem
616 2109 739 2146 suae
763 2090 863 2145 vix
894 2097 955 2146 et
986 2109 1061 2146 ne
1085 2089 1184 2145 vix
1210 2090 1448 2165 quidem
1482 2090 1730 2147 crimina
1760 2090 1941 2146 etiam

179 2184 491 2241 manifesta
522 2186 795 2260 objicere.

273 2279 477 2338 Habet
544 2288 827 2355 praeterea
891 2282 1016 2356 ejus
1090 2300 1338 2357 persona
1405 2280 1762 2357 singularem
1828 2280 1943 2337 fra-

183 2379 332 2434 terni
377 2378 589 2435 amoris
638 2378 1134 2445 declarationem;
1192 2377 1520 2453 praesertim
1568 2376 1668 2432 ubi
1717 2376 1810 2433 vel
1862 2396 1938 2433 ex

179 2475 358 2548 sparsi
420 2474 594 2530 crinis
652 2473 863 2540 colore,
911 2473 1006 2529 vel
1066 2492 1142 2529 ex
1200 2472 1420 2546 pedum
1479 2472 1744 2546 vestigiis
1802 2490 1941 2526 con-

167 2569 462 2642 jecturam
508 2570 582 2625 de
624 2567 851 2625 Orestis
895 2569 1088 2625 reditu
1133 2568 1309 2643 capit.
1397 2566 1690 2623 Praeclare
1734 2574 1938 2624 autem

178 2665 343 2719 novit
386 2664 700 2738 AEschylus
746 2665 967 2721 variare
1011 2672 1073 2720 et
1118 2664 1481 2739 distinguere
1529 2662 1937 2719 dulcissimum

177 2759 335 2815 hunc
379 2759 609 2817 locum:
656 2761 872 2835 quippe
913 2761 1011 2835 qui
1057 2761 1209 2817 bene
1258 2759 1639 2825 intellexerit,
1676 2778 1794 2816 non
1843 2779 1939 2816 03-

178 2857 312 2912 dem
362 2855 532 2931 plane
570 2857 706 2913 fore.
726 2856 1058 2913 dilectionis
1098 2856 1332 2922 indicia,
1362 2856 1502 2912 hinc
1532 2856 1727 2912 fratris
1771 2855 1935 2912 illinc

178 2954 403 3010 sororis.
507 2953 813 3028 Exemplis
886 2953 1259 3028 supersedeO,
1317 2958 1559 3027 propter
1629 2953 1934 3028 angustias

176 3050 474 3124 temporis·
555 3049 787 3108 Verum
848 3057 975 3106 tum
1034 3055 1274 3124 propter
1335 3047 1467 3104 haec
1526 3047 1742 3114 omnia,
1801 3055 1932 3104 tum

177 3154 414 3221 propter
463 3166 593 3203 eam
643 3166 759 3221 qua
808 3145 994 3221 pollet
1051 3145 1176 3202 haec
1235 3144 1538 3220 tragoedia,
1588 3144 1933 3200 reverentiae

177 3261 314 3316 erga
381 3242 574 3318 Reges
646 3242 1153 3318 significationem,
1221 3241 1505 3306 sentiunt,
1565 3239 1788 3314 opinor,
1856 3239 1929 3294 ad

174 3358 358 3395 unum
406 3357 623 3405 omneS,
656 3339 751 3412 qui
799 3339 1080 3395 curiosius
1125 3336 1323 3412 paullo
1369 3335 1595 3412 legunt,
1632 3353 1757 3391 rem
1804 3335 1933 3390 uni-

485 3527 498 3545 t
525 3521 709 3578 Choeph.
740 3522 835 3578 138.
1370 3517 1385 3546 f
1416 3518 1527 3560 Ibid.
1552 3518 1624 3571 84.
