2288 4036
288 167 398 217 800
575 166 794 218 Summa
819 165 1062 236 quaedam
1088 166 1316 218 universi
1342 167 1506 236 operis
1531 168 1720 238 capita.
1818 188 1979 222 PRAEL.
2002 189 2086 222 XL.

289 331 557 388 numque
603 313 873 370 animum
927 331 1035 388 per
1078 313 1363 390 ambages
1404 315 1692 389 quasdam
1740 314 2088 385 declarent;

288 430 427 486 quae
454 430 548 469 res
575 411 842 468 maximo
868 408 1082 468 solatio
1107 429 1236 469 esse
1259 410 1450 470 soleat
1474 411 1818 472 hominibus
1848 415 2088 491 gravius

286 509 490 586 paullo
532 510 888 567 commotis:
936 510 1283 586 conjectura
1313 512 1518 568 statim
1560 519 1887 589 auguratus
1932 528 2086 582 sum,

285 608 414 666 fieri
475 628 649 684 posse
703 617 774 666 ut
834 607 938 667 illa
986 628 1243 686 quoque,
1302 630 1483 686 quam
1543 612 1782 688 proprio
1843 613 2087 670 nomine

284 706 593 783 appellant
643 706 974 775 Poeticam,
1022 714 1230 765 utatur
1274 708 1381 766 tali
1430 709 1633 786 aliqua
1679 709 1814 788 lege
1860 717 1924 767 et
1969 710 2086 768 for-

281 806 464 864 mula.
557 806 653 864 Ex
675 826 795 884 quo
826 806 982 865 effici
1008 808 1287 866 videbam
1321 809 1439 867 duo
1469 810 1737 868 maxime
1758 809 2086 868 Poetarum

282 924 539 983 genera:
587 926 727 964 nam
779 907 1019 984 partim,
1069 908 1171 984 qui
1221 927 1426 966 versus
1477 909 1767 978 scribunt,
1822 910 2084 968 subsidia

285 1013 567 1082 quaerunt
607 1006 1002 1065 aestuantibus
1043 1008 1491 1083 quodammodo
1536 1009 1765 1077 animis,
1800 1008 2084 1067 liberum-

283 1124 418 1182 que,
468 1112 539 1163 ut
585 1106 672 1164 ita
718 1106 931 1175 dicam,
979 1125 1256 1165 cursum:
1302 1108 1524 1183 partim
1570 1107 1704 1166 illos
1748 1108 2082 1177 imitantur,

283 1205 386 1282 qui
418 1205 548 1264 istis
579 1212 845 1284 aguntur
874 1205 1152 1264 stimulis.
1231 1205 1471 1265 Deinde
1502 1216 1638 1285 post
1668 1209 1889 1266 indicia
1920 1229 2084 1285 quae-

283 1306 441 1375 dam,
484 1325 742 1383 quorum
786 1326 899 1383 ope
941 1307 1222 1385 cognosci
1270 1307 1502 1383 possint
1551 1306 1827 1366 Primarii
1876 1309 2083 1366 Poetae

282 1414 346 1465 et
402 1405 758 1486 αὐτόχθονες,
809 1406 1169 1465 accessimus
1221 1407 1297 1464 ad
1350 1406 1720 1485 singulorum
1783 1409 2082 1478 carmina;

283 1526 495 1565 eorum
546 1525 785 1583 nempe,
824 1506 928 1582 qui
974 1507 1134 1564 inter
1182 1525 1392 1564 omnes
1438 1507 1793 1565 nobilissimi
1847 1526 2084 1584 semper

282 1613 423 1666 sunt
482 1605 717 1675 habiti3
768 1605 1118 1678 Homerica,
1167 1606 1500 1676 Pindarica,
1548 1607 1885 1686 AEschylea,
1947 1615 2081 1666 tum

281 1708 436 1784 siqui
468 1705 567 1764 alii
602 1705 1016 1779 devveteribus
1046 1705 1108 1762 in
1152 1705 1258 1763 illo
1290 1706 1473 1764 choro
1505 1706 1617 1764 sibi
1650 1706 1852 1766 locum
1883 1727 2083 1766 meru-

281 1807 456 1865 erint.
547 1804 822 1874 Quorum
870 1822 1385 1880 unumquemque,
1417 1824 1525 1881 pro
1571 1805 1819 1863 modulo
1857 1813 2082 1874 nostr0‚

280 1906 401 1964 suis
431 1904 593 1963 notis
623 1903 710 1961 ita
749 1902 1187 1980 descripsimUS,
1220 1910 1290 1959 ut
1321 1903 1383 1960 in
1416 1903 1566 1962 duos
1607 1911 1811 1962 tamen
1846 1905 2083 1963 ordines

281 2006 631 2064 viderentur
678 2003 941 2061 universi
1003 2022 1124 2060 non
1173 2002 1333 2061 male
1391 2003 1704 2062 distribui:
1785 2023 1926 2062 nam
1978 2004 2080 2062 alii

280 2123 452 2162 curas
530 2110 593 2160 et
653 2101 899 2179 negotia
969 2102 1321 2159 cecinerunt
1396 2101 1728 2171 hominum,
1790 2102 1890 2160 alii
1951 2102 2082 2162 caeli

280 2212 575 2280 terraeque
650 2201 908 2270 facie1n3
985 2199 1073 2258 illi
1131 2200 1405 2270 mobileS,
1482 2201 1544 2258 hi
1605 2203 1813 2279 quieti.
1934 2201 2080 2259 Illos

281 2301 534 2370 Graecia,
586 2299 697 2358 hos
751 2298 938 2376 (quod
983 2300 1225 2376 mirere)
1280 2302 1609 2359 maximam
1657 2307 1891 2378 partem
1936 2299 2079 2358 tulit

282 2402 550 2461 Latium.
608 2398 891 2477 Denique
923 2398 1071 2457 illud
1105 2401 1348 2476 penitus
1379 2401 1441 2471 in
1473 2403 1638 2459 omni
1670 2401 2078 2478 disputatione

279 2502 500 2561 servari
551 2500 745 2558 visum
802 2506 912 2568 est,
965 2519 1086 2557 non
1132 2501 1260 2558 sine
1308 2500 1557 2559 consilio
1605 2500 1923 2579 plusquam
1970 2500 2082 2558 hu-

277 2620 459 2660 mano
500 2606 634 2657 tum
678 2598 938 2677 viguisse
986 2606 1117 2656 tum
1167 2599 1478 2669 decidisse,
1518 2620 1626 2659 suo
1669 2601 1951 2677 quodque
1989 2619 2082 2656 or-

279 2701 436 2767 dine,
490 2717 714 2777 genera
767 2697 1066 2756 Poeseos:
1137 2697 1242 2756 illo
1294 2699 1542 2775 inquam
1597 2697 1861 2767 consilio,
1918 2697 2078 2774 quod

278 2800 422 2858 satis
453 2804 739 2875 appareat
770 2797 943 2856 nobis
975 2797 1160 2855 etiam
1194 2797 1592 2855 intuentibus.

364 2898 507 2958 Jam
549 2898 710 2975 quod
744 2896 1005 2976 Virgilio
1050 2897 1331 2955 ultimam
1379 2916 1620 2974 prorsus
1665 2897 1727 2954 in
1771 2897 1876 2954 illo
1921 2904 2077 2956 caetu

279 3000 612 3060 dicavimus
643 3018 907 3076 operam,
940 2999 1002 3056 in
1034 3018 1213 3058 causa
1243 2999 1489 3056 fuerunt
1526 2999 1747 3075 partim
1779 2997 2076 3076 angustiae

279 3099 609 3177 temporis;
678 3099 1008 3157 maximam
1069 3106 1276 3157 autem
1336 3105 1571 3175 partem
1632 3098 1915 3175 opinione
1974 3117 2079 3156 au-

278 3200 553 3280 gurabar,
597 3198 725 3257 fore
762 3206 833 3257 ut
864 3200 940 3257 ab
971 3200 1144 3258 istius
1186 3199 1551 3258 carminibus
1594 3200 1823 3276 optime
1864 3198 2078 3256 transi-

276 3306 413 3358 rent
443 3299 720 3357 homines
750 3301 811 3357 in
844 3300 1108 3358 sanctius
1154 3298 1380 3376 aliquid
1422 3318 1492 3356 ac
1533 3299 1825 3357 divinius:
1877 3317 2074 3374 neque

275 3401 439 3458 enim
470 3418 592 3456 non
622 3400 854 3457 ratione
879 3400 1138 3476 quadam
1170 3418 1300 3458 esse
1330 3398 1633 3466 effectum,
1666 3411 1736 3456 ut-
1766 3405 2076 3456 extremus

273 3498 377 3557 ille
401 3497 784 3577 Paganorum
806 3520 883 3557 ex
915 3500 1099 3557 animi
1133 3500 1222 3558 sui
1255 3499 1571 3568 sententia,
1604 3518 1724 3557 non
1746 3518 1779 3556 e
1799 3497 2072 3567 formula,

274 3618 480 3657 versus
511 3606 774 3657 caneret.
