2288 4036
233 205 544 238 PRAEL.XX1V.
586 185 788 236 turbari
814 203 938 247 eam,
968 183 1320 236 vacillantibus
1343 183 1595 235 hominum
1620 184 1829 235 animis.
1875 182 1981 236 467

232 347 346 402 quo
394 326 719 383 Dramatici
772 325 1144 399 appellantur
1188 326 1246 391 ii,
1289 344 1536 399 quorum
1587 326 1778 381 omnis
1824 345 1980 382 sum-

230 442 328 479 ma
372 423 619 479 vertitur
661 422 720 478 in
765 422 998 478 actione
1046 423 1297 496 quadam
1345 429 1407 477 et
1458 421 1692 489 fabula;
1738 423 1859 478 sive
1904 421 1979 478 δι-

230 517 486 584 ‹San-moi,
539 518 639 591 qui
690 518 751 572 in
802 536 872 573 eo
925 524 1244 583 versantur,
1293 524 1362 573 ut
1414 517 1554 574 artis
1613 517 1859 592 alicujus
1909 538 1977 575 ac

230 612 553 687 disciplinae
594 612 930 668 rudimenta
969 613 1236 668 doceant.
1326 612 1550 669 Omnes
1598 613 1798 670 Poetae
1835 634 1978 688 quo·
2018 688 2020 690 ³

229 708 542 765 dammodo
582 713 719 763 sunt
758 706 985 782 Lyrici:
1033 727 1237 764 verum
1282 708 1504 764 habent
1548 709 1742 765 caeteri
1787 711 1977 784 operis

227 805 474 880 quisque
517 805 605 860 sui
645 803 806 879 leges
844 804 1145 878 quasdam,
1180 805 1580 879 terminosque
1624 807 1975 874 servand0s3

226 899 333 956 hos
371 898 518 955 nihil
562 905 742 966 vetat,
783 900 926 973 quin
969 898 1152 955 libere
1197 901 1427 967 abeant,
1468 920 1880 976 quamcunque
1917 905 1977 959 in

226 1001 454 1069 partem
495 995 646 1051 ferat
682 994 820 1070 lyra,
852 1002 1025 1051 vocet
1066 994 1310 1061 indoles,
1342 997 1530 1071 rapiat
1560 997 1646 1052 vis
1689 1016 1757 1053 ac
1802 998 1979 1054 soler-

225 1092 310 1148 tia
338 1092 586 1167 poetica.
1049 1093 1051 1095 ’

307 1188 489 1264 Apud
533 1187 639 1244 hos
681 1189 878 1263 igitur,
920 1195 988 1244 ut
1030 1189 1316 1255 dicebam,
1362 1188 1621 1264 LyricOS,
1662 1191 1790 1246 duae
1833 1209 1976 1264 prae-

225 1285 428 1340 sertim
474 1303 565 1340 res
610 1284 863 1349 obstant,
905 1284 1219 1357 quominus
1266 1283 1438 1339 facile
1485 1285 1578 1350 sit,
1625 1284 1721 1340 vel
1763 1285 1833 1340 iis
1877 1286 1977 1358 qui

224 1380 452 1437 acutius
475 1379 694 1446 vident,
716 1380 1045 1436 discernere
1076 1386 1137 1435 et
1168 1379 1490 1453 dijudicare
1518 1379 1777 1455 singulos
1801 1381 1979 1455 scrip-

223 1483 399 1545 toreS,
445 1483 507 1532 et
550 1495 791 1533 noscere
835 1495 953 1550 quo
997 1477 1246 1550 quisque
1286 1476 1490 1532 ordine
1534 1477 1610 1532 sit
1654 1475 1974 1533 habendus,

224 1571 488 1640 Quarum
547 1591 743 1629 rerum
802 1571 991 1629 altera
1057 1573 1170 1628 sita
1226 1579 1317 1628 est
1375 1573 1436 1627 in
1494 1574 1793 1629 communi
1853 1593 1977 1629 om-

222 1669 387 1725 nium
438 1669 623 1726 ferme
672 1669 978 1726 hominum
1038 1668 1253 1735 indole,
1306 1668 1492 1726 altera
1542 1670 1603 1725 in
1656 1669 1975 1726 Poetarum

223 1767 473 1841 propria.

307 1862 526 1931 Prim0,
557 1864 686 1938 quis
731 1864 918 1920 nescit
958 1862 1176 1920 mutari
1216 1864 1277 1918 in
1313 1862 1485 1920 horas
1528 1863 1813 1928 homineS‚
1845 1863 1975 1920 illos

221 1960 542 2034 praesertim
590 1961 690 2035 qui
738 1959 1150 2016 vehementius
1197 1958 1414 2016 affectu
1466 1958 1664 2034 aliquo
1715 1959 1839 2034 rapi
1892 1961 1976 2015 vi-

223 2056 476 2113 dentur?
552 2056 687 2124 Quo
729 2056 798 2112 fit
842 2063 909 2112 ut
954 2056 1162 2130 saepius
1204 2054 1500 2122 fallantur,
1533 2055 1868 2130 quicunque
1899 2075 1974 2112 ex

221 2171 339 2207 uno
368 2152 564 2228 aliquo
595 2159 656 2209 et
685 2152 870 2209 altero
903 2152 1161 2208 carmine
1194 2151 1487 2226 judicium
1533 2151 1683 2208 ferre
1724 2151 1798 2207 de
1833 2170 1976 2225 quo-

222 2247 306 2304 vis
335 2248 618 2323 scriptore
647 2248 890 2305 audent.
981 2247 1327 2305 Videndum
1373 2254 1515 2313 erat,
1554 2266 1628 2303 ne
1671 2247 1784 2303 isto
1823 2253 1975 2303 tem-

220 2360 361 2416 pore
411 2343 688 2418 abreptus
731 2343 977 2399 fortasse
1028 2342 1209 2398 fuerit
1256 2342 1505 2416 scriptor
1548 2340 1785 2397 insolito
1830 2359 1975 2414 quo-

219 2438 372 2506 dam,
401 2446 470 2495 ut
500 2439 585 2506 fit,
616 2445 784 2505 aestn,
816 2439 938 2495 sive
967 2438 1066 2494 irae
1095 2439 1216 2495 sive
1247 2438 1532 2505 moeroriS,
1567 2437 1688 2494 sive
1724 2436 1974 2492 admira-

218 2535 411 2603 tioniS,
442 2537 565 2593 sive
594 2536 776 2592 etiam
812 2535 1082 2592 desiderii
1113 2534 1377 2609 alicujus.
1465 2533 1781 2590 Commoto
1813 2534 1972 2590 vide-

218 2630 358 2688 licet
381 2639 619 2707 pectore
643 2631 797 2707 (quis
819 2631 1064 2705 nescit3)
1096 2639 1416 2706 erumpunt
1445 2631 1771 2687 identidem
1794 2632 1973 2688 verba

217 2746 286 2784 ac
316 2746 488 2785 voces
527 2728 730 2785 alienae
773 2747 1005 2803 prorsus
1049 2747 1083 2784 a
1128 2727 1323 2784 stabili
1353 2747 1421 2784 ac
1451 2736 1734 2784 consueto
1764 2734 1970 2784 tenore

218 2824 565 2880 animorum.
648 2823 801 2892 Quae
844 2843 1018 2881 voces
1063 2825 1174 2881 etsi
1226 2825 1299 2881 ad
1351 2831 1588 2899 tempus
1633 2824 1750 2881 sint
1793 2826 1971 2881 veris-

218 2921 394 2987 simae,
430 2921 818 2995 proximeque
857 2921 933 2977 ad
974 2940 1315 2997 germanam
1354 2921 1571 2978 Poesin
1614 2921 1967 2996 pertineant,

217 3035 422 3073 vereor
443 3024 644 3074 tamen
666 3024 735 3073 ut
757 3017 831 3074 ab
854 3018 924 3074 iis
937 3018 1104 3092 justo
1127 3017 1370 3074 modulo
1391 3018 1589 3075 metiri
1611 3018 1795 3094 possit
1814 3018 1969 3092 quis-

217 3112 374 3186 piam
403 3113 862 3189 uniuscujusque
892 3114 1184 3188 propriam
1215 3115 1335 3170 vim
1365 3121 1544 3189 atque
1574 3114 1854 3170 indolem.

300 3208 459 3276 Quid
505 3210 680 3276 enim,
726 3210 771 3266 si
823 3209 897 3266 de
942 3210 1038 3266 die
1083 3210 1145 3265 in
1190 3211 1348 3266 diem
1393 3210 1688 3277 vacillent,
1733 3210 1966 3286 alioque

216 3304 471 3380 migrent
500 3305 836 3381 voluptates
877 3306 1225 3364 hominum?
1271 3307 1426 3381 quid,
1472 3307 1653 3381 siquis
1697 3308 1965 3362 extiterit

217 3399 408 3457 coloni
448 3402 604 3459 illius
647 3401 867 3459 Scotici
912 3402 1134 3469 similis,
1176 3422 1292 3477 quo
1333 3423 1507 3459 nemo
1547 3403 1732 3459 ferme
1770 3410 1965 3477 pasto-

217 3496 365 3554 rales
393 3499 598 3555 modos
629 3499 786 3555 omni
811 3504 1078 3573 tempore
1102 3498 1330 3556 felicius
1360 3498 1611 3555 cecinit?
1674 3497 1850 3555 Certe
1880 3499 1962 3553 nil

994 3610 1037 3649 H
1066 3593 1107 3648 h
1140 3598 1177 3651 2
