2288 4036
178 320 332 354 Pam„
351 318 493 352 xxx1.
538 299 826 352 commoveri
850 318 958 353 oum
984 302 1224 354 crassiore
1250 300 1473 372 quadam
1500 301 1765 371 voluptate.
1827 301 1927 355 641

176 444 462 521 gionibus.
546 442 761 518 Neque
792 449 1020 502 veteres
1050 443 1176 512 soli,
1209 464 1414 501 verum
1445 446 1545 521 qui
1575 445 1666 502 his
1696 465 1930 520 quoque

177 540 540 616 temporibus
568 540 836 614 proxime
879 540 1225 596 institerunt
1256 560 1459 598 eorum
1493 542 1772 618 vestigiis,
1805 543 1931 617 qui-

176 653 290 710 que
319 635 465 691 adeo
496 628 915 711 elegantissimi
945 634 1254 703 habentur,
1280 637 1492 693 mirum
1515 655 1692 712 quam
1722 636 1928 712 procul
1971 651 1973 655 ·

177 731 425 787 abierint
468 749 503 787 a
550 731 697 787 veris
739 737 963 787 naturae
1008 731 1248 788 deliciis,
1338 732 1578 809 Nempe
1609 733 1930 790 foedissima

175 827 284 882 hae
314 825 446 883 labe
474 826 723 884 infectos
754 845 880 883 esse
909 828 1082 885 video
1113 848 1332 895 omnes,
1367 831 1523 905 quod
1554 832 1626 887 ad
1659 830 1931 905 volupta-

176 922 326 978 rium
355 921 499 978 illud
545 942 731 999 genus
775 930 836 979 et
871 923 1045 998 plane
1091 943 1432 1000 corporeum
1483 926 1683 982 referri
1728 927 1927 993 velint,

177 1017 450 1092 quicquid
480 1018 540 1074 in
571 1019 682 1075 hoc
710 1019 831 1076 caeli
866 1039 933 1076 ac
964 1028 1250 1076 terrarum
1283 1022 1620 1096 spectaculo
1645 1023 1766 1078 sive
1791 1042 1927 1078 ocu-

176 1114 262 1170 los
292 1114 412 1171 sive
441 1134 609 1172 aures
646 1116 982 1173 mortalium
1016 1118 1249 1174 suavius
1282 1124 1504 1194 tangat.
1596 1119 1683 1175 Ea
1724 1127 1928 1175 mente

175 1209 619 1286 Aristophanes,
658 1232 729 1269 ea
763 1213 1048 1278 Catullus,
1087 1232 1157 1270 ea
1192 1214 1372 1288 (quod
1421 1215 1681 1271 maxime
1726 1215 1929 1272 dolen*-

176 1309 341 1383 d-um)
373 1308 779 1366 festivissimus
820 1311 1088 1366 omnium
1121 1308 1406 1367 Horatius
1451 1312 1704 1368 contulit
1748 1331 1810 1368 se
1851 1313 1927 1370 ad

175 1404 417 1461 flumina
464 1412 525 1461 et
575 1406 646 1462 ad
703 1406 909 1481 sylvaS,
957 1413 1025 1461 ut
1076 1426 1191 1461 non
1245 1415 1366 1463 tam
1422 1409 1558 1482 aegri
1612 1407 1792 1464 animi
1840 1428 1930 1464 re-

175 1501 388 1576 quiem,
420 1521 596 1576 quam
641 1501 935 1561 libidinosi
966 1502 1299 1559 fomentum
1331 1503 1611 1578 quaesisse
1642 1503 1927 1561 videatur.

175 1598 422 1654 Fuerint
451 1599 650 1674 itaque
680 1619 796 1675 prae
826 1601 1050 1657 caeteris
1081 1600 1353 1657 omnibus
1374 1600 1464 1657 vel
1493 1603 1925 1659 sententiarum

175 1696 454 1752 comitate
485 1695 577 1752 vel
608 1715 988 1752 numerorum
1019 1695 1218 1772 lepore
1249 1695 1524 1753 laudandi
1549 1716 1562 1764 ;
1611 1704 1673 1753 at
1701 1717 1930 1775 germa-

173 1792 262 1848 nis
308 1799 509 1849 tamen
561 1793 708 1849 ruris
759 1793 1120 1850 amatoribus
1171 1794 1515 1868 neutiquam
1571 1795 1777 1851 ascribi
1828 1815 1928 1852 eos

174 1888 368 1956 velim,
401 1896 468 1945 ut
507 1891 605 1964 qui
651 1909 769 1946 non
812 1890 959 1947 ruris
996 1898 1057 1947 et
1096 1896 1326 1946 naturae
1363 1908 1538 1947 eausa
1581 1893 1827 1949 rusticas
1868 1901 1929 1950 et

171 1985 466 2042 naturales
524 2005 616 2042 res
667 1987 1009 2054 amaverint,
1064 1986 1165 2043 sed
1218 1994 1453 2043 tantum
1505 1995 1746 2062 propter
1799 2007 1930 2046 suas

172 2081 446 2155 quasdam
496 2081 773 2149 lautitiaS‚
805 2102 949 2159 quas
992 2102 1126 2141 rure
1165 2085 1536 2160 potissimum
1574 2091 1787 2160 praesto
1818 2087 1927 2143 sibi

173 2176 297 2233 fore
328 2178 752 2236 existimarent.

253 2273 390 2331 Jam
431 2275 491 2331 in
532 2276 777 2334 istorum
816 2277 981 2335 velut
1013 2277 1436 2353 Epicureorum
1484 2299 1661 2337 censu
1707 2300 1930 2356 ponen-

173 2371 314 2427 dum
346 2372 469 2428 fore
493 2372 871 2430 Theocritum
900 2394 1083 2450 vcogo-r
1112 2375 1207 2431 vel
1237 2375 1459 2432 invitus
1489 2377 1681 2446 fateri,
1713 2378 1929 2453 partim

173 2469 307 2542 quia
349 2476 611 2543 pastores
656 2470 781 2544 ejus
821 2469 1014 2526 solent
1061 2471 1310 2529 dicenda
1349 2474 1599 2529 tacenda
1644 2474 1930 2549 proloqui,

172 2563 295 2619 sine
339 2564 533 2631 modo,
561 2564 690 2620 sine
734 2565 1049 2641 religione3
1095 2586 1230 2640 quae
1266 2585 1358 2624 res
1401 2586 1536 2624 cum
1578 2570 1640 2625 in
1671 2568 1928 2645 Virgilio

170 2663 347 2731 atque
386 2658 447 2713 in
487 2660 718 2714 caeteris
761 2660 839 2714 sit
882 2660 1310 2728 molestissima,
1353 2669 1414 2719 at
1456 2665 1687 2738 parcius
1727 2672 1928 2721 tamen

170 2754 360 2810 multo
390 2754 705 2811 adhibetur
727 2774 902 2830 quam
933 2756 993 2810 in
1023 2755 1198 2830 hujus
1229 2759 1406 2814 nostri
1438 2759 1681 2834 Idylliis.
1749 2758 1929 2816 Dicas

171 2849 343 2924 plane
386 2849 517 2906 illos
561 2869 636 2907 ex
681 2850 932 2907 formula
962 2853 1211 2925 quadam
1246 2853 1424 2927 loqui,
1456 2860 1636 2929 atque
1676 2874 1752 2911 ex
1797 2856 1931 2912 imi-

171 2945 332 3001 tandi
375 2946 758 3002 necessitate:
805 2945 1182 3002 Theocritum
1225 2946 1417 3004 Genio
1461 2950 1648 3025 magis
1692 2968 1798 3005 suo
1842 2951 1932 3005 in-

174 3040 433 3116 dulgere.
481 3058 487 3063 ·

257 3137 366 3193 Est
404 3145 700 3213 praeterea,
734 3159 849 3214 quo
890 3141 950 3194 in
991 3140 1102 3196 hac
1138 3159 1201 3196 re
1236 3142 1497 3198 maxime
1533 3161 1630 3198 me
1669 3162 1931 3199 commo-

175 3234 294 3288 veri
328 3234 534 3300 fateor,
569 3234 702 3300 (etsi
746 3254 994 3309 nequeO,
1027 3236 1182 3309 quod
1226 3237 1456 3304 dicitur,
1487 3245 1834 3305 monstrare,
1868 3247 1930 3295 et

174 3330 361 3385 sentio
407 3335 684 3403 tantu1n‚)
725 3338 814 3387 est
859 3331 1019 3387 color
1059 3333 1302 3407 quidam
1351 3352 1457 3409 ,per
1501 3335 1698 3391 omnia
1742 3335 1928 3391 ferme

174 3425 296 3499 ejus
327 3426 622 3500 scriptoris
653 3446 830 3502 opera
861 3426 1138 3495 diffusus3
1183 3447 1301 3484 non
1332 3430 1651 3487 inurbanus
1680 3431 1781 3487 ille
1798 3432 1928 3506 qui-

175 3519 324 3586 dem,
356 3539 548 3596 neque
576 3541 682 3578 suo
713 3541 915 3578 carens
950 3522 1184 3597 lepore3
1230 3544 1405 3599 quem
1440 3533 1640 3582 tamen
1673 3546 1805 3583 cum
1838 3528 1927 3585 iu-

991 3635 1026 3674 T
1057 3625 1080 3675 t
