<?xml version="1.0" encoding="UTF-8"?>
<!DOCTYPE html PUBLIC "-//W3C//DTD XHTML 1.0 Transitional//EN"
    "http://www.w3.org/TR/xhtml1/DTD/xhtml1-transitional.dtd">
<html xmlns="http://www.w3.org/1999/xhtml" xml:lang="en" lang="en">
 <head>
  <title>
</title>
<meta http-equiv="Content-Type" content="text/html;charset=utf-8" />
  <meta name='ocr-system' content='tesseract 3.04.00' />
  <meta name='ocr-capabilities' content='ocr_page ocr_carea ocr_par ocr_line ocrx_word'/>
</head>
<body>
  <div class='ocr_page' id='page_1' title='image "./a588873902kebluoft_0243.png"; bbox 0 0 2288 4036; ppageno 0'>
   <div class='ocr_carea' id='block_1_1' title="bbox 123 286 1860 356">
    <p class='ocr_par' dir='ltr' id='par_1_1' title="bbox 123 286 1860 356">
     <span class='ocr_line' id='line_1_1' title="bbox 123 286 1860 356; baseline -0.003 -12"><span class='ocrx_word' id='word_1_1' title='bbox 123 311 274 345; x_wconf 80' lang='lat' dir='ltr'><strong>PRAEL.</strong></span> <span class='ocrx_word' id='word_1_2' title='bbox 295 308 420 340; x_wconf 87' lang='lat' dir='ltr'><strong>xxx.</strong></span> <span class='ocrx_word' id='word_1_3' title='bbox 483 286 671 338; x_wconf 76' lang='lat' dir='ltr'>duobus</span> <span class='ocrx_word' id='word_1_4' title='bbox 695 295 1005 338; x_wconf 69' lang='lat' dir='ltr'>actuo-sorum</span> <span class='ocrx_word' id='word_1_5' title='bbox 1024 286 1281 356; x_wconf 68' lang='lat' dir='ltr'>yeneribus</span> <span class='ocrx_word' id='word_1_6' title='bbox 1305 287 1610 355; x_wconf 73' lang='lat' dir='ltr'>respondere.</span> <span class='ocrx_word' id='word_1_7' title='bbox 1758 287 1860 339; x_wconf 73' lang='lat'>621</span> 
     </span>
    </p>
   </div>
   <div class='ocr_carea' id='block_1_2' title="bbox 122 427 1869 884">
    <p class='ocr_par' dir='ltr' id='par_1_2' title="bbox 122 427 1869 884">
     <span class='ocr_line' id='line_1_2' title="bbox 123 427 1867 503; baseline -0.006 -11"><span class='ocrx_word' id='word_1_8' title='bbox 123 438 377 498; x_wconf 90' lang='lat' dir='ltr'>incerto;</span> <span class='ocrx_word' id='word_1_9' title='bbox 424 437 551 486; x_wconf 91' lang='lat' dir='ltr'>tum</span> <span class='ocrx_word' id='word_1_10' title='bbox 582 430 828 485; x_wconf 90' lang='lat' dir='ltr'>recreari</span> <span class='ocrx_word' id='word_1_11' title='bbox 857 427 1154 503; x_wconf 77' lang='lat' dir='ltr'>paulisper</span> <span class='ocrx_word' id='word_1_12' title='bbox 1193 436 1254 483; x_wconf 94' lang='lat' dir='ltr'>et</span> <span class='ocrx_word' id='word_1_13' title='bbox 1301 427 1542 483; x_wconf 88' lang='lat' dir='ltr'>meliore</span> <span class='ocrx_word' id='word_1_14' title='bbox 1577 445 1702 483; x_wconf 85' lang='lat' dir='ltr'>esse</span> <span class='ocrx_word' id='word_1_15' title='bbox 1745 429 1867 483; x_wconf 90' lang='lat' dir='ltr'>ani-</span> 
     </span>
     <span class='ocr_line' id='line_1_3' title="bbox 122 522 1867 593; baseline -0.005 -7"><span class='ocrx_word' id='word_1_16' title='bbox 122 549 235 593; x_wconf 90' lang='lat' dir='ltr'>m0,</span> <span class='ocrx_word' id='word_1_17' title='bbox 293 544 427 582; x_wconf 92' lang='lat' dir='ltr'>cum</span> <span class='ocrx_word' id='word_1_18' title='bbox 487 531 731 579; x_wconf 90' lang='lat' dir='ltr'>ventum</span> <span class='ocrx_word' id='word_1_19' title='bbox 790 530 880 579; x_wconf 89' lang='lat' dir='ltr'>est</span> <span class='ocrx_word' id='word_1_20' title='bbox 937 525 1010 580; x_wconf 89' lang='lat' dir='ltr'>ad</span> <span class='ocrx_word' id='word_1_21' title='bbox 1071 523 1317 579; x_wconf 80' lang='lat' dir='ltr'>Naturae</span> <span class='ocrx_word' id='word_1_22' title='bbox 1374 522 1690 589; x_wconf 87' lang='lat' dir='ltr'>miracula;</span> <span class='ocrx_word' id='word_1_23' title='bbox 1742 522 1867 578; x_wconf 86' lang='lat' dir='ltr'>caeli</span> 
     </span>
     <span class='ocr_line' id='line_1_4' title="bbox 123 617 1868 694; baseline -0.003 -14"><span class='ocrx_word' id='word_1_24' title='bbox 123 628 364 687; x_wconf 79' lang='lat' dir='ltr'>meat-US,</span> <span class='ocrx_word' id='word_1_25' title='bbox 396 619 687 694; x_wconf 84' lang='lat' dir='ltr'>sylvarum</span> <span class='ocrx_word' id='word_1_26' title='bbox 732 620 956 675; x_wconf 91' lang='lat' dir='ltr'>sonitus</span> <span class='ocrx_word' id='word_1_27' title='bbox 1000 639 1067 675; x_wconf 90' lang='lat' dir='ltr'>ac</span> <span class='ocrx_word' id='word_1_28' title='bbox 1111 619 1422 685; x_wconf 86' lang='lat' dir='ltr'>montium,</span> <span class='ocrx_word' id='word_1_29' title='bbox 1454 617 1766 674; x_wconf 89' lang='lat' dir='ltr'>fluviorum</span> <span class='ocrx_word' id='word_1_30' title='bbox 1806 624 1868 674; x_wconf 94' lang='lat' dir='ltr'>et</span> 
     </span>
     <span class='ocr_line' id='line_1_5' title="bbox 124 712 1869 782; baseline -0.004 -8"><span class='ocrx_word' id='word_1_31' title='bbox 124 717 341 776; x_wconf 83' lang='lat' dir='ltr'>Oceani</span> <span class='ocrx_word' id='word_1_32' title='bbox 373 733 588 771; x_wconf 92' lang='lat' dir='ltr'>cursus.</span> <span class='ocrx_word' id='word_1_33' title='bbox 678 714 942 782; x_wconf 82' lang='lat' dir='ltr'>Quarum</span> <span class='ocrx_word' id='word_1_34' title='bbox 988 715 1250 771; x_wconf 91' lang='lat' dir='ltr'>omnium</span> <span class='ocrx_word' id='word_1_35' title='bbox 1296 733 1491 769; x_wconf 91' lang='lat' dir='ltr'>rerum</span> <span class='ocrx_word' id='word_1_36' title='bbox 1536 713 1740 769; x_wconf 89' lang='lat' dir='ltr'>laudes</span> <span class='ocrx_word' id='word_1_37' title='bbox 1783 712 1869 768; x_wconf 91' lang='lat' dir='ltr'>ita</span> 
     </span>
     <span class='ocr_line' id='line_1_6' title="bbox 123 808 1863 884; baseline -0.005 -13"><span class='ocrx_word' id='word_1_38' title='bbox 123 812 397 871; x_wconf 90' lang='lat' dir='ltr'>celebrari</span> <span class='ocrx_word' id='word_1_39' title='bbox 427 810 500 866; x_wconf 93' lang='lat' dir='ltr'>ab</span> <span class='ocrx_word' id='word_1_40' title='bbox 531 829 601 866; x_wconf 94' lang='lat' dir='ltr'>eo</span> <span class='ocrx_word' id='word_1_41' title='bbox 632 810 918 877; x_wconf 87' lang='lat' dir='ltr'>videmus,</span> <span class='ocrx_word' id='word_1_42' title='bbox 948 817 1016 866; x_wconf 92' lang='lat' dir='ltr'>ut</span> <span class='ocrx_word' id='word_1_43' title='bbox 1047 817 1279 866; x_wconf 92' lang='lat' dir='ltr'>constet</span> <span class='ocrx_word' id='word_1_44' title='bbox 1315 810 1489 884; x_wconf 90' lang='lat' dir='ltr'>plane</span> <span class='ocrx_word' id='word_1_45' title='bbox 1521 827 1617 865; x_wconf 89' lang='lat' dir='ltr'>eas</span> <span class='ocrx_word' id='word_1_46' title='bbox 1657 827 1776 865; x_wconf 91' lang='lat' dir='ltr'>non</span> <span class='ocrx_word' id='word_1_47' title='bbox 1805 808 1863 863; x_wconf 90' lang='lat' dir='ltr'>in</span> 
     </span>
    </p>
   </div>
   <div class='ocr_carea' id='block_1_3' title="bbox 38 900 1865 972">
    <p class='ocr_par' dir='ltr' id='par_1_3' title="bbox 38 900 1865 972">
     <span class='ocr_line' id='line_1_7' title="bbox 38 900 1865 972; baseline -0.004 -5"><span class='ocrx_word' id='word_1_48' title='bbox 38 900 39 903; x_wconf 24' lang='lat'>¹</span> <span class='ocrx_word' id='word_1_49' title='bbox 121 909 301 967; x_wconf 85' lang='lat' dir='ltr'>solam</span> <span class='ocrx_word' id='word_1_50' title='bbox 332 906 658 963; x_wconf 80' lang='lat' dir='ltr'>doctrinam</span> <span class='ocrx_word' id='word_1_51' title='bbox 688 905 972 972; x_wconf 87' lang='lat' dir='ltr'>adhiberi,</span> <span class='ocrx_word' id='word_1_52' title='bbox 1004 925 1207 962; x_wconf 90' lang='lat' dir='ltr'>verum</span> <span class='ocrx_word' id='word_1_53' title='bbox 1238 906 1418 962; x_wconf 87' lang='lat' dir='ltr'>etiam</span> <span class='ocrx_word' id='word_1_54' title='bbox 1449 904 1643 962; x_wconf 88' lang='lat' dir='ltr'>solatii</span> <span class='ocrx_word' id='word_1_55' title='bbox 1673 922 1865 970; x_wconf 86' lang='lat' dir='ltr'>causa,</span> 
     </span>
    </p>
   </div>
   <div class='ocr_carea' id='block_1_4' title="bbox 51 1001 1868 3178">
    <p class='ocr_par' dir='ltr' id='par_1_4' title="bbox 122 1001 687 1077">
     <span class='ocr_line' id='line_1_8' title="bbox 122 1001 687 1077; baseline -0.011 -15"><span class='ocrx_word' id='word_1_56' title='bbox 122 1003 389 1077; x_wconf 89' lang='lat' dir='ltr'>unicique</span> <span class='ocrx_word' id='word_1_57' title='bbox 419 1001 687 1077; x_wconf 90' lang='lat' dir='ltr'>perfugii.</span> 
     </span>
    </p>

    <p class='ocr_par' dir='ltr' id='par_1_5' title="bbox 120 1096 1867 1555">
     <span class='ocr_line' id='line_1_9' title="bbox 204 1096 1867 1171; baseline -0.004 -16"><span class='ocrx_word' id='word_1_58' title='bbox 204 1097 320 1155; x_wconf 86' lang='lat' dir='ltr'>Sed</span> <span class='ocrx_word' id='word_1_59' title='bbox 350 1098 424 1153; x_wconf 86' lang='lat' dir='ltr'>de</span> <span class='ocrx_word' id='word_1_60' title='bbox 452 1096 544 1153; x_wconf 90' lang='lat' dir='ltr'>his</span> <span class='ocrx_word' id='word_1_61' title='bbox 573 1096 687 1152; x_wconf 93' lang='lat' dir='ltr'>alio</span> <span class='ocrx_word' id='word_1_62' title='bbox 724 1103 1022 1171; x_wconf 89' lang='lat' dir='ltr'>tempore:</span> <span class='ocrx_word' id='word_1_63' title='bbox 1073 1116 1229 1153; x_wconf 93' lang='lat' dir='ltr'>nunc</span> <span class='ocrx_word' id='word_1_64' title='bbox 1267 1098 1477 1153; x_wconf 90' lang='lat' dir='ltr'>cursim</span> <span class='ocrx_word' id='word_1_65' title='bbox 1525 1096 1701 1152; x_wconf 91' lang='lat' dir='ltr'>modo</span> <span class='ocrx_word' id='word_1_66' title='bbox 1737 1102 1867 1151; x_wconf 91' lang='lat' dir='ltr'>tan-</span> 
     </span>
     <span class='ocr_line' id='line_1_10' title="bbox 120 1191 1865 1266; baseline -0.003 -15"><span class='ocrx_word' id='word_1_67' title='bbox 120 1195 362 1251; x_wconf 88' lang='lat' dir='ltr'>tundem</span> <span class='ocrx_word' id='word_1_68' title='bbox 393 1193 505 1249; x_wconf 91' lang='lat' dir='ltr'>dici</span> <span class='ocrx_word' id='word_1_69' title='bbox 538 1192 826 1259; x_wconf 86' lang='lat' dir='ltr'>volebam,</span> <span class='ocrx_word' id='word_1_70' title='bbox 858 1212 974 1266; x_wconf 93' lang='lat' dir='ltr'>quo</span> <span class='ocrx_word' id='word_1_71' title='bbox 1000 1193 1267 1266; x_wconf 89' lang='lat' dir='ltr'>judicare</span> <span class='ocrx_word' id='word_1_72' title='bbox 1306 1199 1504 1266; x_wconf 88' lang='lat' dir='ltr'>posset</span> <span class='ocrx_word' id='word_1_73' title='bbox 1535 1191 1759 1264; x_wconf 82' lang='lat' dir='ltr'>aliquiS,</span> <span class='ocrx_word' id='word_1_74' title='bbox 1790 1209 1865 1246; x_wconf 86' lang='lat' dir='ltr'>an</span> 
     </span>
     <span class='ocr_line' id='line_1_11' title="bbox 121 1283 1866 1362; baseline -0.004 -16"><span class='ocrx_word' id='word_1_75' title='bbox 121 1296 278 1346; x_wconf 85' lang='lat' dir='ltr'>recte</span> <span class='ocrx_word' id='word_1_76' title='bbox 321 1295 382 1346; x_wconf 89' lang='lat' dir='ltr'>et</span> <span class='ocrx_word' id='word_1_77' title='bbox 436 1288 637 1344; x_wconf 83' lang='lat' dir='ltr'>ordine</span> <span class='ocrx_word' id='word_1_78' title='bbox 682 1288 879 1344; x_wconf 87' lang='lat' dir='ltr'>veniat</span> <span class='ocrx_word' id='word_1_79' title='bbox 931 1296 1212 1362; x_wconf 88' lang='lat' dir='ltr'>tanquam</span> <span class='ocrx_word' id='word_1_80' title='bbox 1259 1289 1319 1343; x_wconf 93' lang='lat' dir='ltr'>in</span> <span class='ocrx_word' id='word_1_81' title='bbox 1367 1286 1563 1342; x_wconf 89' lang='lat' dir='ltr'>locum</span> <span class='ocrx_word' id='word_1_82' title='bbox 1604 1283 1866 1359; x_wconf 86' lang='lat' dir='ltr'>AEschyli</span> 
     </span>
     <span class='ocr_line' id='line_1_12' title="bbox 122 1379 1866 1458; baseline -0.003 -17"><span class='ocrx_word' id='word_1_83' title='bbox 122 1384 252 1441; x_wconf 89' lang='lat' dir='ltr'>talis</span> <span class='ocrx_word' id='word_1_84' title='bbox 287 1390 571 1440; x_wconf 90' lang='lat' dir='ltr'>terrarum</span> <span class='ocrx_word' id='word_1_85' title='bbox 613 1390 792 1457; x_wconf 90' lang='lat' dir='ltr'>atque</span> <span class='ocrx_word' id='word_1_86' title='bbox 832 1383 957 1439; x_wconf 81' lang='lat' dir='ltr'>caeli</span> <span class='ocrx_word' id='word_1_87' title='bbox 1002 1390 1312 1458; x_wconf 89' lang='lat' dir='ltr'>spectator,</span> <span class='ocrx_word' id='word_1_88' title='bbox 1343 1382 1579 1456; x_wconf 90' lang='lat' dir='ltr'>qualem</span> <span class='ocrx_word' id='word_1_89' title='bbox 1609 1398 1715 1436; x_wconf 91' lang='lat' dir='ltr'>nos</span> <span class='ocrx_word' id='word_1_90' title='bbox 1747 1379 1866 1435; x_wconf 90' lang='lat' dir='ltr'>Lu-</span> 
     </span>
     <span class='ocr_line' id='line_1_13' title="bbox 121 1479 974 1555; baseline -0.004 -18"><span class='ocrx_word' id='word_1_91' title='bbox 121 1481 363 1537; x_wconf 85' lang='lat' dir='ltr'>cretium</span> <span class='ocrx_word' id='word_1_92' title='bbox 395 1479 572 1536; x_wconf 89' lang='lat' dir='ltr'>fuisse</span> <span class='ocrx_word' id='word_1_93' title='bbox 601 1497 974 1555; x_wconf 87' lang='lat' dir='ltr'>auguramur.</span> 
     </span>
    </p>

    <p class='ocr_par' dir='ltr' id='par_1_6' title="bbox 51 1573 1868 3178">
     <span class='ocr_line' id='line_1_14' title="bbox 203 1573 1866 1650; baseline -0.002 -19"><span class='ocrx_word' id='word_1_94' title='bbox 203 1575 383 1632; x_wconf 88' lang='lat' dir='ltr'>Porro</span> <span class='ocrx_word' id='word_1_95' title='bbox 434 1582 634 1632; x_wconf 87' lang='lat' dir='ltr'>autem</span> <span class='ocrx_word' id='word_1_96' title='bbox 678 1576 834 1649; x_wconf 92' lang='lat' dir='ltr'>quod</span> <span class='ocrx_word' id='word_1_97' title='bbox 879 1575 953 1631; x_wconf 89' lang='lat' dir='ltr'>ad</span> <span class='ocrx_word' id='word_1_98' title='bbox 994 1573 1316 1650; x_wconf 87' lang='lat' dir='ltr'>Virgilium</span> <span class='ocrx_word' id='word_1_99' title='bbox 1364 1574 1597 1639; x_wconf 77' lang='lat' dir='ltr'>attinet,</span> <span class='ocrx_word' id='word_1_100' title='bbox 1644 1573 1866 1628; x_wconf 90' lang='lat' dir='ltr'>nemini</span> 
     </span>
     <span class='ocr_line' id='line_1_15' title="bbox 121 1667 1866 1744; baseline -0.002 -18"><span class='ocrx_word' id='word_1_101' title='bbox 121 1671 301 1727; x_wconf 84' lang='lat' dir='ltr'>ferme</span> <span class='ocrx_word' id='word_1_102' title='bbox 332 1670 679 1726; x_wconf 81' lang='lat' dir='ltr'>crediderim</span> <span class='ocrx_word' id='word_1_103' title='bbox 723 1671 783 1725; x_wconf 93' lang='lat' dir='ltr'>in</span> <span class='ocrx_word' id='word_1_104' title='bbox 824 1670 1003 1726; x_wconf 91' lang='lat' dir='ltr'>dubio</span> <span class='ocrx_word' id='word_1_105' title='bbox 1034 1670 1177 1736; x_wconf 87' lang='lat' dir='ltr'>fore,</span> <span class='ocrx_word' id='word_1_106' title='bbox 1202 1671 1343 1744; x_wconf 93' lang='lat' dir='ltr'>quin</span> <span class='ocrx_word' id='word_1_107' title='bbox 1375 1669 1598 1743; x_wconf 91' lang='lat' dir='ltr'>optime</span> <span class='ocrx_word' id='word_1_108' title='bbox 1643 1667 1866 1741; x_wconf 84' lang='lat' dir='ltr'>possint</span> 
     </span>
     <span class='ocr_line' id='line_1_16' title="bbox 120 1762 1868 1839; baseline -0.002 -18"><span class='ocrx_word' id='word_1_109' title='bbox 120 1766 542 1822; x_wconf 88' lang='lat' dir='ltr'>accommodari</span> <span class='ocrx_word' id='word_1_110' title='bbox 573 1766 698 1839; x_wconf 89' lang='lat' dir='ltr'>ejus</span> <span class='ocrx_word' id='word_1_111' title='bbox 730 1766 988 1822; x_wconf 87' lang='lat' dir='ltr'>carmina</span> <span class='ocrx_word' id='word_1_112' title='bbox 1027 1766 1100 1822; x_wconf 89' lang='lat' dir='ltr'>ad</span> <span class='ocrx_word' id='word_1_113' title='bbox 1140 1765 1272 1821; x_wconf 91' lang='lat' dir='ltr'>illos</span> <span class='ocrx_word' id='word_1_114' title='bbox 1315 1764 1634 1839; x_wconf 86' lang='lat' dir='ltr'>praesertim</span> <span class='ocrx_word' id='word_1_115' title='bbox 1673 1762 1868 1819; x_wconf 88' lang='lat' dir='ltr'>oblec-</span> 
     </span>
     <span class='ocr_line' id='line_1_17' title="bbox 121 1860 1863 1936; baseline -0.002 -19"><span class='ocrx_word' id='word_1_116' title='bbox 121 1861 343 1930; x_wconf 81' lang='lat' dir='ltr'>tandOS,</span> <span class='ocrx_word' id='word_1_117' title='bbox 373 1861 470 1935; x_wconf 92' lang='lat' dir='ltr'>qui</span> <span class='ocrx_word' id='word_1_118' title='bbox 502 1879 563 1918; x_wconf 91' lang='lat' dir='ltr'>se</span> <span class='ocrx_word' id='word_1_119' title='bbox 594 1863 950 1918; x_wconf 89' lang='lat' dir='ltr'>removerint</span> <span class='ocrx_word' id='word_1_120' title='bbox 983 1863 1224 1918; x_wconf 88' lang='lat' dir='ltr'>tandem</span> <span class='ocrx_word' id='word_1_121' title='bbox 1256 1861 1329 1917; x_wconf 91' lang='lat' dir='ltr'>de</span> <span class='ocrx_word' id='word_1_122' title='bbox 1361 1860 1536 1936; x_wconf 90' lang='lat' dir='ltr'>vulgo</span> <span class='ocrx_word' id='word_1_123' title='bbox 1578 1865 1639 1916; x_wconf 90' lang='lat' dir='ltr'>et</span> <span class='ocrx_word' id='word_1_124' title='bbox 1675 1877 1863 1925; x_wconf 90' lang='lat' dir='ltr'>scena,</span> 
     </span>
     <span class='ocr_line' id='line_1_18' title="bbox 121 1954 1868 2032; baseline -0.002 -20"><span class='ocrx_word' id='word_1_125' title='bbox 121 1957 344 2031; x_wconf 90' lang='lat' dir='ltr'>experti</span> <span class='ocrx_word' id='word_1_126' title='bbox 375 1957 615 2023; x_wconf 89' lang='lat' dir='ltr'>scilicet,</span> <span class='ocrx_word' id='word_1_127' title='bbox 647 1976 823 2030; x_wconf 88' lang='lat' dir='ltr'>quam</span> <span class='ocrx_word' id='word_1_128' title='bbox 860 1976 1066 2032; x_wconf 85' lang='lat' dir='ltr'>parum</span> <span class='ocrx_word' id='word_1_129' title='bbox 1098 1957 1332 2013; x_wconf 87' lang='lat' dir='ltr'>valeant</span> <span class='ocrx_word' id='word_1_130' title='bbox 1372 1956 1446 2011; x_wconf 90' lang='lat' dir='ltr'>ad</span> <span class='ocrx_word' id='word_1_131' title='bbox 1486 1955 1637 2011; x_wconf 92' lang='lat' dir='ltr'>bene</span> <span class='ocrx_word' id='word_1_132' title='bbox 1667 1954 1868 2010; x_wconf 90' lang='lat' dir='ltr'>beate-</span> 
     </span>
     <span class='ocr_line' id='line_1_19' title="bbox 122 2047 1867 2126; baseline -0.002 -20"><span class='ocrx_word' id='word_1_133' title='bbox 122 2069 232 2125; x_wconf 90' lang='lat' dir='ltr'>que</span> <span class='ocrx_word' id='word_1_134' title='bbox 254 2051 570 2107; x_wconf 85' lang='lat' dir='ltr'>vivendum</span> <span class='ocrx_word' id='word_1_135' title='bbox 595 2050 686 2108; x_wconf 91' lang='lat' dir='ltr'>vel</span> <span class='ocrx_word' id='word_1_136' title='bbox 718 2053 956 2126; x_wconf 86' lang='lat' dir='ltr'>optimae</span> <span class='ocrx_word' id='word_1_137' title='bbox 987 2052 1252 2108; x_wconf 86' lang='lat' dir='ltr'>fortunae.</span> <span class='ocrx_word' id='word_1_138' title='bbox 1314 2049 1482 2106; x_wconf 84' lang='lat' dir='ltr'>Solet</span> <span class='ocrx_word' id='word_1_139' title='bbox 1505 2049 1713 2123; x_wconf 90' lang='lat' dir='ltr'>utique</span> <span class='ocrx_word' id='word_1_140' title='bbox 1738 2047 1867 2104; x_wconf 92' lang='lat' dir='ltr'>dul-</span> 
     </span>
     <span class='ocr_line' id='line_1_20' title="bbox 122 2145 1866 2221; baseline -0.003 -17"><span class='ocrx_word' id='word_1_141' title='bbox 122 2149 380 2204; x_wconf 88' lang='lat' dir='ltr'>cissimus</span> <span class='ocrx_word' id='word_1_142' title='bbox 423 2148 688 2204; x_wconf 90' lang='lat' dir='ltr'>omnium</span> <span class='ocrx_word' id='word_1_143' title='bbox 727 2145 915 2204; x_wconf 90' lang='lat' dir='ltr'>Poeta</span> <span class='ocrx_word' id='word_1_144' title='bbox 952 2153 1194 2221; x_wconf 89' lang='lat' dir='ltr'>questus</span> <span class='ocrx_word' id='word_1_145' title='bbox 1231 2164 1366 2202; x_wconf 90' lang='lat' dir='ltr'>suos</span> <span class='ocrx_word' id='word_1_146' title='bbox 1403 2145 1497 2201; x_wconf 87' lang='lat' dir='ltr'>vel</span> <span class='ocrx_word' id='word_1_147' title='bbox 1540 2145 1866 2202; x_wconf 82' lang='lat' dir='ltr'>acerbiores</span> 
     </span>
     <span class='ocr_line' id='line_1_21' title="bbox 122 2240 1868 2319; baseline -0.002 -19"><span class='ocrx_word' id='word_1_148' title='bbox 122 2245 396 2301; x_wconf 83' lang='lat' dir='ltr'>moestitia</span> <span class='ocrx_word' id='word_1_149' title='bbox 436 2264 553 2300; x_wconf 93' lang='lat' dir='ltr'>non</span> <span class='ocrx_word' id='word_1_150' title='bbox 597 2244 838 2319; x_wconf 92' lang='lat' dir='ltr'>illepida</span> <span class='ocrx_word' id='word_1_151' title='bbox 882 2253 1242 2318; x_wconf 88' lang='lat' dir='ltr'>temperare:</span> <span class='ocrx_word' id='word_1_152' title='bbox 1294 2243 1394 2316; x_wconf 92' lang='lat' dir='ltr'>qui</span> <span class='ocrx_word' id='word_1_153' title='bbox 1439 2260 1567 2298; x_wconf 91' lang='lat' dir='ltr'>mos</span> <span class='ocrx_word' id='word_1_154' title='bbox 1610 2247 1700 2298; x_wconf 88' lang='lat' dir='ltr'>est</span> <span class='ocrx_word' id='word_1_155' title='bbox 1743 2240 1868 2315; x_wconf 92' lang='lat' dir='ltr'>ple-</span> 
     </span>
     <span class='ocr_line' id='line_1_22' title="bbox 121 2336 1865 2414; baseline -0.003 -18"><span class='ocrx_word' id='word_1_156' title='bbox 121 2358 362 2414; x_wconf 88' lang='lat' dir='ltr'>rumque</span> <span class='ocrx_word' id='word_1_157' title='bbox 420 2359 623 2396; x_wconf 91' lang='lat' dir='ltr'>eorum</span> <span class='ocrx_word' id='word_1_158' title='bbox 681 2341 781 2413; x_wconf 90' lang='lat' dir='ltr'>qui</span> <span class='ocrx_word' id='word_1_159' title='bbox 839 2340 1024 2395; x_wconf 86' lang='lat' dir='ltr'>vitam</span> <span class='ocrx_word' id='word_1_160' title='bbox 1080 2339 1309 2414; x_wconf 86' lang='lat' dir='ltr'>egerint</span> <span class='ocrx_word' id='word_1_161' title='bbox 1375 2338 1437 2392; x_wconf 89' lang='lat' dir='ltr'>in</span> <span class='ocrx_word' id='word_1_162' title='bbox 1494 2337 1627 2393; x_wconf 90' lang='lat' dir='ltr'>luce</span> <span class='ocrx_word' id='word_1_163' title='bbox 1685 2336 1865 2392; x_wconf 87' lang='lat' dir='ltr'>curiae</span> 
     </span>
     <span class='ocr_line' id='line_1_23' title="bbox 122 2434 1867 2509; baseline -0.003 -18"><span class='ocrx_word' id='word_1_164' title='bbox 122 2442 293 2508; x_wconf 84' lang='lat' dir='ltr'>atque</span> <span class='ocrx_word' id='word_1_165' title='bbox 322 2436 384 2490; x_wconf 90' lang='lat' dir='ltr'>in</span> <span class='ocrx_word' id='word_1_166' title='bbox 413 2435 655 2491; x_wconf 90' lang='lat' dir='ltr'>consilio</span> <span class='ocrx_word' id='word_1_167' title='bbox 685 2435 941 2509; x_wconf 80' lang='lat' dir='ltr'>publicO.</span> <span class='ocrx_word' id='word_1_168' title='bbox 1004 2434 1259 2490; x_wconf 90' lang='lat' dir='ltr'>Miseros</span> <span class='ocrx_word' id='word_1_169' title='bbox 1289 2440 1468 2507; x_wconf 87' lang='lat' dir='ltr'>atque</span> <span class='ocrx_word' id='word_1_170' title='bbox 1498 2450 1683 2507; x_wconf 86' lang='lat' dir='ltr'>aegros</span> <span class='ocrx_word' id='word_1_171' title='bbox 1712 2450 1867 2486; x_wconf 92' lang='lat' dir='ltr'>mor-</span> 
     </span>
     <span class='ocr_line' id='line_1_24' title="bbox 51 2525 1866 2605; baseline -0.001 -22"><span class='ocrx_word' id='word_1_172' title='bbox 51 2578 53 2583; x_wconf 36' lang='lat'><em>2</em></span> <span class='ocrx_word' id='word_1_173' title='bbox 123 2527 265 2585; x_wconf 86' lang='lat' dir='ltr'>tales</span> <span class='ocrx_word' id='word_1_174' title='bbox 301 2530 504 2605; x_wconf 90' lang='lat' dir='ltr'>(ipsius</span> <span class='ocrx_word' id='word_1_175' title='bbox 547 2538 684 2586; x_wconf 88' lang='lat' dir='ltr'>utor</span> <span class='ocrx_word' id='word_1_176' title='bbox 726 2528 1203 2603; x_wconf 89' lang='lat' dir='ltr'>compellatione)</span> <span class='ocrx_word' id='word_1_177' title='bbox 1248 2529 1334 2584; x_wconf 90' lang='lat' dir='ltr'>ita</span> <span class='ocrx_word' id='word_1_178' title='bbox 1377 2527 1662 2601; x_wconf 89' lang='lat' dir='ltr'>deplorat,</span> <span class='ocrx_word' id='word_1_179' title='bbox 1701 2525 1866 2582; x_wconf 86' lang='lat' dir='ltr'>velut</span> 
     </span>
     <span class='ocr_line' id='line_1_25' title="bbox 124 2621 1865 2698; baseline -0.001 -20"><span class='ocrx_word' id='word_1_180' title='bbox 124 2624 220 2696; x_wconf 92' lang='lat' dir='ltr'>qui</span> <span class='ocrx_word' id='word_1_181' title='bbox 261 2642 471 2698; x_wconf 88' lang='lat' dir='ltr'>pueros</span> <span class='ocrx_word' id='word_1_182' title='bbox 514 2624 724 2681; x_wconf 88' lang='lat' dir='ltr'>flentes</span> <span class='ocrx_word' id='word_1_183' title='bbox 761 2623 904 2680; x_wconf 88' lang='lat' dir='ltr'>velit</span> <span class='ocrx_word' id='word_1_184' title='bbox 947 2623 1223 2689; x_wconf 92' lang='lat' dir='ltr'>mulcere,</span> <span class='ocrx_word' id='word_1_185' title='bbox 1254 2624 1379 2697; x_wconf 91' lang='lat' dir='ltr'>ipse</span> <span class='ocrx_word' id='word_1_186' title='bbox 1420 2622 1649 2687; x_wconf 86' lang='lat' dir='ltr'>leniter,</span> <span class='ocrx_word' id='word_1_187' title='bbox 1681 2628 1749 2676; x_wconf 92' lang='lat' dir='ltr'>ut</span> <span class='ocrx_word' id='word_1_188' title='bbox 1779 2621 1865 2687; x_wconf 80' lang='lat' dir='ltr'>fit,</span> 
     </span>
     <span class='ocr_line' id='line_1_26' title="bbox 123 2716 1866 2794; baseline -0.002 -20"><span class='ocrx_word' id='word_1_189' title='bbox 123 2718 393 2775; x_wconf 84' lang='lat' dir='ltr'>arridens.</span> <span class='ocrx_word' id='word_1_190' title='bbox 479 2720 737 2775; x_wconf 89' lang='lat' dir='ltr'>AEstivos</span> <span class='ocrx_word' id='word_1_191' title='bbox 780 2737 1004 2794; x_wconf 82' lang='lat' dir='ltr'>gregeS,</span> <span class='ocrx_word' id='word_1_192' title='bbox 1049 2726 1334 2784; x_wconf 88' lang='lat' dir='ltr'>armenta,</span> <span class='ocrx_word' id='word_1_193' title='bbox 1370 2716 1642 2791; x_wconf 83' lang='lat' dir='ltr'>pecudeS,</span> <span class='ocrx_word' id='word_1_194' title='bbox 1687 2734 1866 2789; x_wconf 90' lang='lat' dir='ltr'>apum</span> 
     </span>
     <span class='ocr_line' id='line_1_27' title="bbox 123 2811 1866 2886; baseline 0 -19"><span class='ocrx_word' id='word_1_195' title='bbox 123 2819 296 2886; x_wconf 85' lang='lat' dir='ltr'>atque</span> <span class='ocrx_word' id='word_1_196' title='bbox 351 2815 531 2870; x_wconf 87' lang='lat' dir='ltr'>etiam</span> <span class='ocrx_word' id='word_1_197' title='bbox 588 2815 863 2870; x_wconf 89' lang='lat' dir='ltr'>arborum</span> <span class='ocrx_word' id='word_1_198' title='bbox 921 2813 1170 2870; x_wconf 91' lang='lat' dir='ltr'>concilia</span> <span class='ocrx_word' id='word_1_199' title='bbox 1227 2814 1308 2869; x_wconf 91' lang='lat' dir='ltr'>sic</span> <span class='ocrx_word' id='word_1_200' title='bbox 1365 2819 1537 2868; x_wconf 82' lang='lat' dir='ltr'>vocat</span> <span class='ocrx_word' id='word_1_201' title='bbox 1594 2812 1750 2867; x_wconf 90' lang='lat' dir='ltr'>idem</span> <span class='ocrx_word' id='word_1_202' title='bbox 1805 2811 1866 2867; x_wconf 88' lang='lat' dir='ltr'>in</span> 
     </span>
     <span class='ocr_line' id='line_1_28' title="bbox 122 2907 1866 2982; baseline -0.001 -20"><span class='ocrx_word' id='word_1_203' title='bbox 122 2914 314 2980; x_wconf 88' lang='lat' dir='ltr'>partes</span> <span class='ocrx_word' id='word_1_204' title='bbox 343 2927 490 2974; x_wconf 80' lang='lat' dir='ltr'>suaS,</span> <span class='ocrx_word' id='word_1_205' title='bbox 523 2915 590 2964; x_wconf 93' lang='lat' dir='ltr'>ut</span> <span class='ocrx_word' id='word_1_206' title='bbox 620 2910 680 2964; x_wconf 92' lang='lat' dir='ltr'>in</span> <span class='ocrx_word' id='word_1_207' title='bbox 710 2909 996 2982; x_wconf 90' lang='lat' dir='ltr'>ejusmodi</span> <span class='ocrx_word' id='word_1_208' title='bbox 1026 2908 1159 2964; x_wconf 89' lang='lat' dir='ltr'>lusu</span> <span class='ocrx_word' id='word_1_209' title='bbox 1189 2908 1459 2964; x_wconf 88' lang='lat' dir='ltr'>videatur</span> <span class='ocrx_word' id='word_1_210' title='bbox 1497 2907 1866 2980; x_wconf 89' lang='lat' dir='ltr'>acquiescere</span> 
     </span>
     <span class='ocr_line' id='line_1_29' title="bbox 124 3000 1865 3075; baseline 0 -18"><span class='ocrx_word' id='word_1_211' title='bbox 124 3020 239 3058; x_wconf 91' lang='lat' dir='ltr'>non</span> <span class='ocrx_word' id='word_1_212' title='bbox 280 3003 532 3070; x_wconf 89' lang='lat' dir='ltr'>invitus;</span> <span class='ocrx_word' id='word_1_213' title='bbox 583 3022 676 3071; x_wconf 90' lang='lat' dir='ltr'>ne,</span> <span class='ocrx_word' id='word_1_214' title='bbox 722 3004 768 3059; x_wconf 93' lang='lat' dir='ltr'>si</span> <span class='ocrx_word' id='word_1_215' title='bbox 815 3004 967 3059; x_wconf 86' lang='lat' dir='ltr'>forte</span> <span class='ocrx_word' id='word_1_216' title='bbox 1014 3022 1276 3075; x_wconf 81' lang='lat' dir='ltr'>quaerere</span> <span class='ocrx_word' id='word_1_217' title='bbox 1324 3002 1568 3075; x_wconf 85' lang='lat' dir='ltr'>coeperit</span> <span class='ocrx_word' id='word_1_218' title='bbox 1617 3000 1865 3057; x_wconf 87' lang='lat' dir='ltr'>ulterius</span> 
     </span>
     <span class='ocr_line' id='line_1_30' title="bbox 125 3096 1865 3178; baseline 0 -26"><span class='ocrx_word' id='word_1_219' title='bbox 125 3096 358 3178; x_wconf 88' lang='lat' dir='ltr'>aliquid,</span> <span class='ocrx_word' id='word_1_220' title='bbox 383 3098 597 3154; x_wconf 89' lang='lat' dir='ltr'>abeant</span> <span class='ocrx_word' id='word_1_221' title='bbox 640 3098 842 3155; x_wconf 88' lang='lat' dir='ltr'>statim</span> <span class='ocrx_word' id='word_1_222' title='bbox 883 3098 1080 3153; x_wconf 86' lang='lat' dir='ltr'>omnia</span> <span class='ocrx_word' id='word_1_223' title='bbox 1110 3097 1289 3172; x_wconf 92' lang='lat' dir='ltr'>(quod</span> <span class='ocrx_word' id='word_1_224' title='bbox 1320 3097 1513 3173; x_wconf 87' lang='lat' dir='ltr'>aiunt)</span> <span class='ocrx_word' id='word_1_225' title='bbox 1544 3097 1605 3152; x_wconf 93' lang='lat' dir='ltr'>in</span> <span class='ocrx_word' id='word_1_226' title='bbox 1634 3097 1865 3152; x_wconf 85' lang='lat' dir='ltr'>fumum</span> 
     </span>
    </p>
   </div>
   <div class='ocr_carea' id='block_1_5' title="bbox 39 3182 493 3250">
    <p class='ocr_par' dir='ltr' id='par_1_7' title="bbox 39 3182 493 3250">
     <span class='ocr_line' id='line_1_31' title="bbox 39 3182 493 3250; baseline 0.009 -4"><span class='ocrx_word' id='word_1_227' title='bbox 39 3182 47 3186; x_wconf 14' lang='grc' dir='ltr'>ἡ</span> <span class='ocrx_word' id='word_1_228' title='bbox 125 3208 192 3247; x_wconf 85' lang='lat' dir='ltr'>ac</span> <span class='ocrx_word' id='word_1_229' title='bbox 222 3192 493 3250; x_wconf 91' lang='lat' dir='ltr'>cinerem.</span> 
     </span>
    </p>
   </div>
   <div class='ocr_carea' id='block_1_6' title="bbox 127 3283 1878 3646">
    <p class='ocr_par' dir='ltr' id='par_1_8' title="bbox 127 3283 1878 3646">
     <span class='ocr_line' id='line_1_32' title="bbox 209 3283 1867 3363; baseline 0.001 -24"><span class='ocrx_word' id='word_1_230' title='bbox 209 3283 412 3359; x_wconf 90' lang='lat' dir='ltr'>Atque</span> <span class='ocrx_word' id='word_1_231' title='bbox 457 3286 546 3344; x_wconf 89' lang='lat' dir='ltr'>his</span> <span class='ocrx_word' id='word_1_232' title='bbox 597 3287 709 3344; x_wconf 92' lang='lat' dir='ltr'>hoc</span> <span class='ocrx_word' id='word_1_233' title='bbox 760 3295 1026 3363; x_wconf 89' lang='lat' dir='ltr'>tempore</span> <span class='ocrx_word' id='word_1_234' title='bbox 1079 3289 1219 3344; x_wconf 89' lang='lat' dir='ltr'>satis</span> <span class='ocrx_word' id='word_1_235' title='bbox 1271 3288 1550 3345; x_wconf 89' lang='lat' dir='ltr'>declarari</span> <span class='ocrx_word' id='word_1_236' title='bbox 1602 3288 1867 3352; x_wconf 84' lang='lat' dir='ltr'>arbitror,</span> 
     </span>
     <span class='ocr_line' id='line_1_33' title="bbox 129 3382 1872 3459; baseline 0.002 -25"><span class='ocrx_word' id='word_1_237' title='bbox 129 3396 377 3451; x_wconf 84' lang='lat' dir='ltr'>quonam</span> <span class='ocrx_word' id='word_1_238' title='bbox 421 3382 481 3437; x_wconf 91' lang='lat' dir='ltr'>in</span> <span class='ocrx_word' id='word_1_239' title='bbox 525 3383 655 3439; x_wconf 87' lang='lat' dir='ltr'>loco</span> <span class='ocrx_word' id='word_1_240' title='bbox 698 3383 1004 3439; x_wconf 89' lang='lat' dir='ltr'>habendus</span> <span class='ocrx_word' id='word_1_241' title='bbox 1042 3384 1118 3440; x_wconf 89' lang='lat' dir='ltr'>sit</span> <span class='ocrx_word' id='word_1_242' title='bbox 1150 3382 1456 3459; x_wconf 90' lang='lat' dir='ltr'>Virgilius,</span> <span class='ocrx_word' id='word_1_243' title='bbox 1489 3402 1563 3438; x_wconf 89' lang='lat' dir='ltr'>ex</span> <span class='ocrx_word' id='word_1_244' title='bbox 1595 3401 1665 3438; x_wconf 88' lang='lat' dir='ltr'>ea</span> <span class='ocrx_word' id='word_1_245' title='bbox 1695 3399 1872 3456; x_wconf 90' lang='lat' dir='ltr'>quam</span> 
     </span>
     <span class='ocr_line' id='line_1_34' title="bbox 127 3471 1873 3552; baseline 0.002 -25"><span class='ocrx_word' id='word_1_246' title='bbox 127 3471 300 3530; x_wconf 89' lang='lat' dir='ltr'>hodie</span> <span class='ocrx_word' id='word_1_247' title='bbox 353 3472 673 3534; x_wconf 88' lang='lat' dir='ltr'>tractamus</span> <span class='ocrx_word' id='word_1_248' title='bbox 719 3478 986 3534; x_wconf 88' lang='lat' dir='ltr'>formula.</span> <span class='ocrx_word' id='word_1_249' title='bbox 1076 3477 1313 3552; x_wconf 89' lang='lat' dir='ltr'>Nempe</span> <span class='ocrx_word' id='word_1_250' title='bbox 1361 3486 1430 3533; x_wconf 92' lang='lat' dir='ltr'>ut</span> <span class='ocrx_word' id='word_1_251' title='bbox 1474 3477 1638 3534; x_wconf 88' lang='lat' dir='ltr'>fessis</span> <span class='ocrx_word' id='word_1_252' title='bbox 1684 3476 1873 3551; x_wconf 88' lang='lat' dir='ltr'>philo·</span> 
     </span>
     <span class='ocr_line' id='line_1_35' title="bbox 129 3568 1878 3646; baseline 0.003 -24"><span class='ocrx_word' id='word_1_253' title='bbox 129 3568 426 3646; x_wconf 86' lang='lat' dir='ltr'>sophando</span> <span class='ocrx_word' id='word_1_254' title='bbox 459 3571 787 3640; x_wconf 90' lang='lat' dir='ltr'>Lucretius,</span> <span class='ocrx_word' id='word_1_255' title='bbox 818 3574 903 3629; x_wconf 91' lang='lat' dir='ltr'>ita</span> <span class='ocrx_word' id='word_1_256' title='bbox 938 3573 1374 3629; x_wconf 88' lang='lat' dir='ltr'>fastidientibus</span> <span class='ocrx_word' id='word_1_257' title='bbox 1416 3574 1598 3629; x_wconf 88' lang='lat' dir='ltr'>vitam</span> <span class='ocrx_word' id='word_1_258' title='bbox 1644 3571 1878 3628; x_wconf 88' lang='lat' dir='ltr'>civilem</span> 
     </span>
    </p>
   </div>
  </div>
 </body>
</html>
