2288 4036
447 148 556 202 462
632 151 927 221 Maymfioa
953 150 1103 223 apud
1126 149 1396 221 Supplices
1421 151 1482 203 de
1501 152 1610 204 Deo
1629 152 1840 206 Hectore
1856 174 1872 204 .·
1911 172 2070 206 PRAEL.
2094 173 2247 208 xxm.

445 318 710 380 unquam
758 300 883 357 fere
930 299 1186 356 tendant
1232 299 1306 356 ad
1350 318 1481 356 eam
1532 299 1661 358 caeli
1707 302 2035 378 regionem,
2069 322 2248 379 qnam

444 384 653 475 petere
686 399 1006 457 videantur
1034 398 1228 474 primo
1260 397 1689 474 aspicientibus
1710 394 1742 455 f.

806 518 912 562 Διὸς
931 514 1081 573 ἵμερος
1102 515 1179 559 οὐκ
1201 512 1440 573 εὐθήρατος
1463 513 1640 574 ἐτύχθη·

805 591 947 634 πάντα
968 607 1036 634 τοι
1057 587 1273 648 φλεγέθει

807 661 885 708 κᾶν
907 665 1070 725 σκότῳ,
1092 682 1169 730 με·

806 738 936 796 λαίνᾳ
957 738 1037 794 ξὺν
1057 736 1130 781 τύ-

804 831 866 871 χᾳ
886 813 1139 871 μερόπεσσι
1160 813 1300 858 λαοῖς·

803 888 954 933 πίπτει
977 886 1014 931 δ’
1037 886 1275 945 ἀσφαλῶς,
1299 885 1390 930 οὐδ’
1414 886 1486 931 ε’πὶ
1507 890 1588 934 νώ-

804 979 885 1020 τῳ,
904 961 1079 1020 κορυφᾷ
1104 960 1208 1006 Διὸς
1229 959 1268 1003 εἷ

805 1035 970 1095 κρανθῇ
993 1037 1176 1095 πρᾶγμα
1198 1034 1391 1080 τέλειον.

804 1110 960 1156 δαυλοὶ
980 1111 1066 1170 γὰρ
1088 1110 1318 1169 πραπίδων

805 1185 983 1231 δάσκιοί
1003 1204 1050 1230 τε

804 1260 1025 1306 τείνουσιν
1045 1262 1127 1304 πό-

804 1355 890 1394 ροι,
914 1335 1104 1380 κατιδεῖν
1123 1334 1367 1394 ἄφραστοι.

440 1435 718 1504 Addunt,
751 1434 1150 1493 libentissime
1180 1435 1241 1492 in
1274 1434 1562 1511 superbos
1593 1441 1657 1492 et
1687 1435 1749 1492 in
1781 1443 2048 1513 raptores
2075 1437 2242 1494 exire

440 1537 678 1596 Summi
710 1536 990 1594 Rectoris
1022 1534 1296 1602 fulmina,
1328 1541 1398 1592 ut
1429 1535 1656 1592 nemini
1688 1536 1936 1613 impune
1982 1536 2059 1594 sit
2103 1556 2242 1613 pec-

438 1638 619 1705 canti,
675 1655 753 1694 ne
812 1636 884 1694 iis
945 1635 1208 1712 quidem,
1269 1636 1373 1712 qui
1435 1642 1570 1712 post
1629 1634 1833 1713 paullo
1893 1636 2241 1714 resipiscere

438 1738 669 1807 volunt,
702 1745 764 1795 et
796 1755 860 1795 se
890 1735 1383 1794 violentis‘armis
1414 1744 1716 1794 exueregz
2207 1750 2209 1752 ’

804 1853 946 1898 ἰάπτει
969 1851 1005 1897 δ’
1029 1851 1196 1897 ἀπίδων
1216 1852 1295 1911 ἀφ’
1317 1850 1586 1911 ὑψιπύργων

799 1929 1017 1973 πανώλεις
1036 1926 1241 1985 βροτοὺς,
1263 1927 1368 1980 βιὰν
1389 1925 1427 1971 δ’
1450 1925 1579 1971 οὔτιν’

803 2001 1041 2059 ἐξοπλίζει,
1064 2001 1144 2046 τὰν
1165 2000 1347 2046 ἅποινον
1369 2001 1615 2060 δαιμονίων.

439 2105 778 2172 Postremo,
809 2100 1061 2179 praemia
1092 2107 1155 2158 et
1182 2119 1398 2178 -poenas
1443 2121 1565 2159 non
1601 2107 1768 2159 recte
1804 2102 1987 2159 tribui
2028 2102 2237 2167 causis

437 2224 583 2282 quas
615 2209 854 2273 vocant,
887 2199 1199 2259 secundis:
1246 2201 1392 2276 quin
1421 2200 1462 2258 J
1467 2221 1643 2259 ovem
1684 2202 1882 2278 ipsum
1914 2201 2238 2259 immotum

436 2307 512 2364 de
558 2304 700 2363 sede
746 2300 1123 2361 sanctissima
1168 2319 1297 2358 rem
1350 2300 1658 2377 perficere,
1700 2301 1827 2359 solo
1872 2322 1994 2360 non
2041 2302 2236 2359 dicam

435 2403 749 2464 oculorum
780 2408 952 2469 nutU,
985 2418 1196 2457 verum
1225 2399 1415 2457 tacita
1444 2397 1759 2457 voluntate
1793 2400 1978 2457 animi
1998 2395 2058 2458 ¹¹:

799 2519 957 2577 ἥμενον
977 2516 1064 2562 ἅνω
1086 2516 1295 2575 φρόνημά
1314 2535 1407 2562 πως

799 2592 982 2638 αὕτοθεν
1003 2590 1245 2651 ἐξέπραξεν
1265 2591 1340 2650 ἔμ-

797 2686 898 2719 πας,
921 2666 1112 2725 ἑδράνων
1133 2665 1205 2726 ἐφ’
1228 2665 1385 2726 ἁγνῶν.

521 2772 611 2830 At
642 2769 805 2827 enim
837 2767 1082 2843 objiciat
1118 2766 1349 2844 aliquis,
1383 2766 1635 2825 minime
1665 2786 1766 2825 eas
1797 2767 1873 2825 ad
1902 2767 1943 2825 J
1947 2767 2073 2825 ovis
2105 2785 2237 2825 sen-

434 2871 710 2938 tentiam,
741 2867 912 2926 velut
943 2868 1018 2925 ad
1050 2866 1237 2924 finem
1274 2866 1415 2935 litis,
1446 2885 1806 2944 provocare:
1857 2867 2080 2945 quippe
2111 2887 2237 2925 car-

433 2971 597 3028 mine
651 2968 914 3046 quodam
969 2967 1201 3035 minari,
1252 2967 1603 3043 quaesituras
1655 2986 1718 3025 se
1771 2967 2022 3025 fortasse
2074 2967 2232 3044 apud

434 3070 668 3128 Inferos
699 3074 920 3147 negata
950 3086 1058 3144 per
1086 3066 1523 3145 negligentiam
1551 3066 1921 3145 Superorum
1943 3068 2082 3145 jura
2101 3063 2147 3125 i1

798 3183 836 3228 εἷ
857 3183 905 3228 δὲ
926 3182 1002 3241 μὴ,
1023 3182 1239 3241 μελανθὲς

795 3255 824 3316 ᾗ
846 3258 1081 3303 διόκτυπον
1098 3256 1241 3317 γένος,

795 3335 1046 3393 τοῦγγαιον,

795 3409 873 3453 τὸν
892 3407 1257 3464 πολυξενώτατον

797 3485 910 3541 Ζῆνα
931 3486 1017 3526 τῶν
1037 3482 1310 3539 κεκμηκότων

462 3627 479 3657 f
511 3626 618 3683 sup,
643 3637 716 3683 90,
904 3629 929 3660 g
962 3620 1075 3664 Ibid.
1105 3635 1204 3665 101.
1411 3619 1437 3650 1¹
1469 3620 1582 3664 Ibid.
1613 3619 1711 3664 106.
1913 3620 1924 3651 ¹
1958 3621 2070 3666 Ibid.
2102 3621 2200 3666 160.
