2288 4036
371 112 483 164 520
719 109 928 162 Ludere
953 109 1256 162 Pindarum
1281 125 1396 161 cum
1421 107 1725 179 AlleyoriiS.
1829 126 1991 160 PRAEL.
2021 125 2169 158 xxv1.

461 257 680 332 Neque
712 275 854 314 vero
884 256 935 312 is
965 274 1116 323 sum,
1145 256 1246 331 qui
1279 255 1509 313 inficias
1542 275 1693 324 eam,
1726 262 1858 313 tum
1890 255 2005 323 hic,
2037 262 2170 312 tum

372 356 585 432 saepius
650 354 811 431 apud
872 353 1205 410 Pindarum
1267 353 1511 411 subesse
1585 354 1812 430 aliquid
1884 354 2171 431 gravioris

371 473 580 522 causae,
635 455 760 511 sive
813 453 889 510 ad
940 451 1378 528 rempublicam
1433 472 1505 510 ea
1555 454 1874 530 pertineat,
1919 453 2044 510 sive
2097 451 2173 507 ad

372 553 517 629 ejus,
549 553 650 628 qui
687 550 1146 628 praedicabatur,
1183 550 1472 610 fortunas.
1563 552 1705 610 Jam
1746 552 1905 610 enim
1954 551 2172 608 docue-

371 658 512 708 runt
542 650 743 707 idonei
779 649 1037 725 judiceS‚
1069 649 1413 707 mirandum
1455 652 1517 707 in
1562 650 1809 708 modum
1844 651 1920 707 ab
1951 669 2023 706 eo
2055 667 2175 705 ser-

371 749 495 807 vari
549 766 830 806 arcanam
879 748 1142 823 suscepti
1197 749 1393 824 operis
1451 749 1769 818 rationem,
1830 749 2016 806 etiam
2068 745 2174 803 ubi

372 849 676 906 liberrime
718 847 964 924 spatiari
995 846 1291 915 videatur,
1324 847 1491 906 nulla
1532 849 1677 907 satis
1707 856 1873 906 certa
1902 845 1998 904 vel
2038 845 2174 924 lege

373 946 466 1003 vel
526 944 794 1003 consilio.
887 944 1173 1003 Manebit
1228 953 1454 1015 tamen,
1501 948 1565 1003 in
1619 947 1784 1004 omni
1839 945 2174 1003 carminum

368 1051 680 1121 apparatu,
727 1043 898 1101 velut
943 1044 1007 1100 in
1045 1043 1221 1101 vultu
1262 1044 1521 1123 alicujus
1567 1052 1752 1122 atque
1796 1052 1994 1123 gestu,
2043 1063 2177 1122 ger-

368 1163 612 1202 manam
645 1143 962 1201 scribentis
993 1143 1260 1201 indolem
1296 1145 1461 1201 cerni
1492 1164 1685 1222 posse.

455 1242 618 1311 Quid
651 1243 811 1319 quod
843 1242 907 1299 in
938 1243 1245 1320 prooemiis
1287 1243 1612 1320 aliquando
1652 1243 1849 1302 facete
1881 1262 1951 1300 ac
1982 1242 2178 1300 suavi-

367 1349 462 1399 ter
490 1343 740 1400 adhibet
785 1362 986 1400 rerum
1029 1362 1168 1419 quae
1210 1343 1323 1401 sub
1373 1342 1563 1402 oculis
1609 1343 1767 1401 forte
1810 1342 2178 1421 gerebantur

365 1442 743 1505 mentionem
769 1448 800 1489 g
821 1441 845 1501 ’.3

670 1566 705 1611 ὦ
727 1566 889 1619 Φίντις,

370 1663 657 1741 (appellat
713 1664 878 1721 enim
938 1665 1185 1722 nomine
1244 1665 1534 1743 aurigam,
1582 1684 1661 1722 ne
1714 1665 1860 1742 quid
1920 1666 2175 1742 picturae

366 1765 523 1823 desit
555 1766 631 1823 de
661 1766 866 1823 medio
899 1768 1183 1842 sumptae)

912 1881 946 1926 ὦ
968 1881 1130 1934 Φίντις,
1151 1881 1272 1926 ἀλλὰ
1294 1882 1448 1938 ζεῦξον
1468 1882 1549 1939 ἤδη
1571 1901 1647 1940 μοι
1670 1881 1828 1928 σθένος
1849 1880 2053 1939 ἡμιόνων,

667 1952 698 2015 ᾇ
718 1956 870 2015 τάχος,
893 1955 1017 2015 ὄφρα
1038 1954 1233 2017 κελεύθῳ
1255 1955 1290 2001 τ’
1316 1956 1363 2000 ἐν
1384 1955 1553 2015 καθαρᾷ

666 2029 871 2087 βάσομεν
889 2027 1041 2088 ὄκχον,
1063 2027 1223 2083 ἵκωμαί
1243 2047 1291 2073 τε
1312 2029 1426 2088 πρὸς
1446 2028 1618 2087 ἀνδρῶν

668 2103 739 2149 καὶ
759 2102 901 2163 γένος·
935 2105 1071 2147 κεῖναι
1091 2103 1179 2162 γὰρ
1202 2102 1252 2158 ἐξ
1273 2102 1418 2147 ἀλλᾶν
1439 2103 1544 2147 ὁδὸν
1565 2101 1859 2162 ἁγεμονεῦσαι

666 2176 829 2222 ταυτὰν
850 2175 1124 2230 ἐπίστανται,
1149 2176 1402 2235 στεφανούς
1423 2176 1470 2220 ἐν
1489 2175 1712 2234 Ὀλυμπίᾳ

667 2250 762 2297 ἐπεὶ
785 2249 983 2307 δέξαντο·
1013 2251 1102 2309 χρὴ
1125 2250 1273 2295 τοίνυν
1293 2249 1438 2296 πύλας
1457 2249 1602 2308 ὕμνων
1622 2250 1915 2308 ἀναπίτναμεν
1935 2251 2099 2297 αὐταῖς·

666 2326 780 2384 πρὸς
800 2325 995 2370 Πιτάναν
1017 2325 1064 2370 δὲ
1089 2323 1191 2383 παρ’
1216 2325 1400 2383 Εὑρώτα
1424 2327 1564 2384 πόρον
1585 2324 1653 2369 δεῖ
1674 2325 1872 2384 σάμερόν
1894 2323 1938 2383 μ’
1961 2325 2108 2371 ἐλθεῖν
2129 2326 2176 2370 ἐν

728 2400 836 2458 ὥρᾳ.

364 2520 626 2579 Habetis
671 2518 1026 2597 allegoriam
1073 2517 1417 2596 elegantem
1465 2537 1627 2585 sane,
1670 2526 1734 2576 et
1774 2517 1991 2595 puerili
2028 2538 2174 2596 qua-

363 2620 503 2678 dam
549 2618 859 2676 hilaritate
905 2617 1234 2675 conditam.
1326 2616 1490 2685 Alia,
1523 2617 1628 2675 sed
1665 2619 1791 2694 pari
1826 2617 2047 2695 lepore,
2079 2625 2172 2676 est

360 2721 515 2777 ratio
548 2737 775 2786 eorum,
810 2716 1029 2792 quibus
1062 2714 1360 2775 Arcesilai
1392 2736 1633 2793 quoque
1665 2716 2024 2795 Cyrenensis
2069 2737 2174 2788 au-

362 2820 553 2897 rigam
603 2818 752 2875 hero
805 2817 1212 2884 commendat,
1257 2816 1508 2874 domum
1562 2835 1702 2874 cum
1755 2815 1957 2894 palma
2002 2816 2174 2872 rede-

362 2924 578 2975 untem
599 2912 647 2973 ¹¹.

727 3019 855 3078 φίλει
877 3019 926 3063 δὲ
949 3020 1190 3078 Κάρρωτον
1211 3018 1331 3077 ἔξοχ’
1356 3019 1554 3077 ἑταίρων·

728 3091 777 3140 ὅς
798 3094 850 3138 οὗ
871 3094 951 3138 τὰν
970 3092 1237 3151 Ἐπιμαθέος
1258 3093 1377 3152 ἄγων

728 3167 920 3227 ὀψινόου
944 3167 1163 3227 θυγατέρα
1185 3168 1433 3226 Πρόφασιν
1455 3166 1672 3211 Βαττιδᾶν

728 3241 914 3301 ἀφίκετο
936 3242 1099 3300 δόμους
1121 3241 1487 3299 θεμισκρεόντων,

727 3313 831 3359 ἀλλ’
851 3315 1198 3374 ἀρισθάρματον,

726 3386 853 3433 ὕδατι
875 3388 1134 3436 Κασταλίας
1158 3387 1374 3444 ξενωθεὶς,
1397 3387 1531 3446 γέρας
1549 3385 1789 3444 ἀμφέβαλε
1810 3388 1980 3431 τεαῖσιν
2002 3388 2166 3443 κόμαις.

607 3574 632 3605 ε
660 3567 729 3612 ΟΖ.
754 3567 796 3610 6.
819 3582 892 3625 37.
1582 3565 1601 3589 *¹
1626 3566 1759 3622 Pytk.
1783 3576 1825 3622 5.
1850 3579 1923 3622 34.
