2288 4036
217 277 371 310 PRAEL.
392 275 571 310 xxxw.
605 256 835 320 Quanam
854 275 913 308 ew
927 263 1079 325 parte
1094 256 1314 323 Epicum
1331 262 1495 306 sonent
1525 255 1831 325 Viry-ilz'anm
1860 257 1959 310 721

218 410 394 476 atque
453 401 690 456 nomine
754 400 967 456 mirum
1028 408 1314 474 quantum
1374 398 1698 474 praestringi
1756 398 1963 454 solent.

220 496 411 555 Simul
455 497 752 553 audivere-
775 495 998 561 heroaS‚
1032 495 1201 562 bella,
1232 496 1531 552 incensam
1570 493 1794 560 urbem,
1837 513 1968 568 pro-

220 595 389 670 fugos
420 593 693 659 Penat-eS,
718 591 953 648 Italiam
986 592 1120 648 fatis
1149 591 1416 667 petitam,
1447 591 1623 647 armis
1654 589 1966 656 devictam,

218 697 436 747 caetera
473 689 685 755 omnia,
717 687 928 762 quibus
964 687 1302 769 continetur
1339 687 1601 743 Poeticae
1644 686 1967 761 grandioris

219 769 563 862 apparatus3
605 784 858 841 alterum
889 785 1088 840 statim
1122 784 1231 841 sibi
1260 783 1483 860 fingere
1512 788 1817 858 coeperunt
1842 780 1970 837 Ho-

218 901 464 946 merum.
532 880 749 956 Neque
777 880 949 937 facile
979 881 1361 946 adducentur,
1392 887 1460 936 ut
1490 879 1747 945 credant,
1773 878 1969 935 medio

217 979 319 1036 illo
349 978 579 1035 militiae
610 977 837 1051 forique
868 977 1117 1052 strepitu
1150 977 1345 1033 vivere
1381 995 1448 1032 ac
1479 976 1678 1052 vigere
1710 975 1970 1050 potuisse

218 1077 365 1132 ruris
405 1075 587 1150 quieti
636 1074 1009 1141 desiderium,
1046 1075 1227 1128 immo
1273 1072 1507 1129 Martiis
1537 1071 1971 1146 quodammodo

219 1192 280 1229 se
320 1172 648 1228 immiscere
689 1170 993 1226 cantibus:
1041 1190 1156 1244 quo
1197 1169 1420 1225 factum
1464 1170 1555 1234 sit,
1587 1175 1655 1224 ut
1692 1168 1753 1223 in
1798 1168 1972 1224 rebus

219 1269 404 1324 ferme
454 1268 659 1324 iisdem
711 1267 963 1341 disparia
1015 1284 1247 1340 prorsus
1299 1267 1590 1321 evaserint
1638 1264 1972 1331 Poetarum,

217 1384 285 1421 ac
317 1364 721 1439 primariorum
754 1363 1012 1437 quidem,
1043 1381 1276 1437 genera.
1493 1422 1496 1426 ,

228 1517 239 1522 ,
304 1460 520 1535 Neque
567 1479 703 1517 vero
754 1479 872 1515 non
922 1459 1111 1515 aderit
1158 1457 1475 1532 probabilis
1522 1458 1805 1531 quaedam,
1847 1478 1974 1533 quae

219 1558 409 1621 afferri
439 1559 638 1633 possit,
669 1575 872 1613 eorum
905 1556 1212 1612 sententiae
1244 1555 1410 1612 rat-io,
1502 1554 1591 1611 Ut
1627 1556 1786 1610 enim
1827 1555 1975 1611 illud

219 1654 579 1719 omittamus,
610 1652 868 1729 singulas
913 1652 1034 1708 fere
1079 1660 1276 1726 partes
1313 1651 1595 1708 AEneidos
1640 1671 1976 1726 expressam

223 1750 404 1807 veluti
436 1751 752 1826 imaginem
784 1769 905 1825 prae
934 1768 995 1806 se
1021 1749 1172 1806 ferre
1195 1748 1555 1825 singularum
1578 1748 1671 1804 vel
1692 1747 1974 1824 Odysseae

223 1846 319 1903 vel
351 1846 552 1903 Iliadis
582 1848 835 1922 partium
857 1865 1077 1903 :—-non
1107 1845 1266 1901 enim
1298 1846 1499 1901 statim
1531 1863 1607 1901 ex
1643 1846 1975 1902 imitatione

221 1944 360 2010 sola,
390 1945 491 2000 sed
531 1945 725 2019 potius
756 1952 981 1999 e'more
1010 1943 1305 2017 modoque
1342 1943 1611 1999 imitandi
1643 1942 1976 2000 definienda

223 2042 336 2097 erit
366 2041 662 2116 scriptoris
692 2040 975 2114 cujusque
1010 2040 1171 2095 natio
1192 2040 1394 2096 t—sed
1426 2047 1494 2095 ut
1524 2058 1762 2096 omnem
1806 2040 1974 2097 illum

221 2137 415 2194 locum
455 2144 882 2212 praetereamus,
915 2134 1114 2210 ecquis
1144 2135 1402 2211 negabit,
1434 2136 1624 2192 ornari
1654 2155 1689 2193 a
1719 2135 1974 2213 Virgilio

218 2252 310 2290 res
342 2233 433 2290 vel
479 2233 800 2290 maritimas
831 2231 924 2288 vel
959 2230 1209 2288 Martias
1239 2232 1523 2289 acerrima
1552 2232 1866 2289 verborum
1898 2235 1973 2302 vi,

218 2330 573 2386 densissimis
617 2328 986 2404 imaginibuS,
1032 2329 1291 2385 numeris
1335 2348 1440 2403 pro
1486 2349 1549 2386 re
1593 2349 1660 2386 ac
1705 2336 1972 2405 tempore

134 2417 150 2429 '
217 2445 372 2482 nunc
403 2424 722 2481 fluentibus
752 2444 908 2481 nunc
938 2424 1239 2481 incitatis?
1288 2444 1417 2499 quae
1449 2427 1646 2482 onmia
1676 2427 1971 2484 declarare

216 2521 408 2579 solent
452 2521 684 2596 proprio
714 2539 922 2596 campo
953 2520 1339 2586 laborantem,
1371 2540 1488 2577 non
1520 2523 1970 2580 adversanteac

217 2625 584 2693 repugnante
631 2616 880 2674 Natura.
970 2615 1396 2685 Adhibeamus,
1428 2618 1589 2674 verbi
1634 2620 1838 2695 gratia,
1870 2621 1970 2694 qui

217 2715 431 2771 librum
464 2715 828 2771 versant-ibus
858 2714 1031 2788 primi
1062 2713 1214 2769 forte
1245 2723 1553 2771 occurrant
1585 2734 1783 2772 versus
1807 2726 1862 2772 m.

451 2842 511 2885 At
531 2841 641 2885 tuba
660 2842 899 2885 terribilem
920 2840 1118 2884 sonitum
1138 2841 1294 2897 procul
1315 2855 1401 2884 aere
1423 2856 1585 2885 canoro

451 2914 691 2971 Increpuit.
756 2913 966 2972 Sequitur
987 2913 1167 2964 clamor,
1185 2913 1432 2970 caelumque
1452 2913 1658 2970 remugit.

447 2986 706 3030 Accelerant
726 2993 823 3030 acta
842 2986 1004 3042 pariter
1023 2983 1245 3028 testudine
1266 2984 1433 3038 Volsci,

450 3058 509 3101 Et
528 3058 671 3102 fossas
691 3058 872 3114 implere
892 3063 1063 3114 parant,
1085 3071 1135 3100 ac
1155 3057 1312 3100 vellere
1331 3058 1524 3101 vallum:

450 3129 673 3177 Quaerunt
693 3143 794 3185 pars
817 3128 1002 3180 aditum,
1020 3134 1062 3171 et
1085 3128 1212 3171 scalis
1234 3129 1469 3173 ascendere
1489 3145 1658 3181 murOS‚

453 3201 555 3248 Qua
575 3216 672 3244 rara
691 3207 758 3244 est
779 3201 907 3251 acies,
924 3200 1243 3258 interlucetque
1264 3215 1427 3244 corona

450 3273 556 3326 Non
576 3280 668 3316 tam
690 3273 830 3329 spissa
851 3272 968 3316 viris.
1030 3272 1240 3315 Telorum
1261 3272 1486 3317 effundere
1507 3282 1660 3318 contra

451 3344 597 3388 Omne
617 3359 758 3403 genus
779 3344 952 3395 Teucri,
975 3350 1018 3387 et
1040 3343 1162 3387 duris
1184 3343 1416 3388 detrudere
1437 3353 1593 3396 contls,

449 3416 630 3460 Assueti
648 3418 784 3473 longo
805 3431 958 3459 muros
981 3415 1212 3459 defendere
1231 3415 1361 3459 bello.

910 3603 947 3625 m
969 3596 1080 3638 AEn.
1104 3609 1146 3652 9.
1169 3606 1270 3652 503.

1042 3674 1077 3726 3
1110 3688 1149 3725 A
