2288 4036
220 297 571 335 PRAEL.XXXV1.
622 277 802 329 collata
816 276 1104 346 praesertim·
1130 293 1241 327 oum
1262 274 1470 326 Didone
1495 281 1540 352 ct
1569 274 1762 323 Turno,
1865 275 1968 327 725

222 442 394 498 quam
441 423 586 477 adeo
631 439 748 475 non
792 419 1010 475 invitus
1055 418 1321 493 accipiat,
1353 419 1688 492 quicunque
1733 417 1970 491 perjurii

222 537 420 595 poenas
450 517 603 593 exigi
641 516 801 573 velit.

307 614 603 669 Praeterea
646 612 982 677 videndum,
1023 630 1097 667 an
1146 609 1265 666 tale
1312 609 1531 683 aliquid
1579 615 1749 664 sonet
1793 607 1974 664 collo-

222 711 425 785 quium
456 708 599 764 illud
631 728 762 764 cum
798 708 1006 764 umbra
1025 705 1294 774 Didonis,
1318 707 1575 782 ingresso
1595 705 1722 779 jam
1756 705 1972 760 inferos

224 805 449 862 AEnea:
495 806 541 862 si
573 805 750 860 modo
793 804 1152 878 colloquium
1193 809 1336 869 erat,
1368 803 1469 859 ubi
1510 808 1643 876 post
1687 801 1974 857 submissa

224 903 329 957 viri
379 902 570 967 verba,
624 919 1015 975 magnamque
1067 900 1394 974 perturbati
1454 898 1634 954 animi
1686 897 1974 973 significa-

225 998 447 1053 tionem
465 1004 507 1062 ⁰,

460 1118 542 1160 Illa
563 1118 657 1161 solo
680 1118 790 1161 fixos
811 1119 964 1161 oeulos
986 1133 1138 1160 aversa
1159 1116 1351 1168 tenebat,

458 1190 552 1232 Nec
574 1190 715 1246 magis
736 1191 910 1246 incepto
931 1191 1105 1234 vultum
1128 1203 1331 1233 sermone
1352 1195 1568 1239 movetur,

460 1261 610 1308 Quam
632 1263 669 1304 si
691 1262 803 1305 dura
823 1263 932 1306 silex
953 1269 1028 1305 aut
1051 1269 1135 1305 stet
1158 1261 1381 1317 Marpesia
1401 1267 1565 1303 cautes.

456 1334 660 1378 Tandem
682 1335 893 1391 corripuit
915 1349 1023 1385 sese,
1047 1341 1177 1392 atque
1197 1333 1377 1376 inimica
1396 1332 1560 1389 refugit

461 1406 515 1449 In
535 1421 693 1449 nemus
714 1407 1022 1457 umbriferum,
1046 1407 1208 1463 conjux
1229 1405 1309 1449 ubi
1328 1404 1544 1461 pristinus
1567 1403 1629 1446 illi

462 1478 716 1535 Respondet
737 1479 869 1530 curis,
892 1486 1126 1537 aequatque
1149 1477 1349 1520 Sichaeus
1372 1491 1582 1519 amorem.

460 1552 555 1595 Nec
576 1553 724 1596 minus
747 1553 930 1603 AEneas,
953 1567 1058 1595 casu
1080 1565 1318 1608 percussus
1339 1550 1508 1607 iniquo,

459 1623 746 1682 Prosequitur
765 1625 1013 1682 lacrymans
1035 1625 1182 1681 longe,
1205 1630 1248 1666 et
1267 1622 1503 1666 miseratur
1524 1627 1718 1664 euntem.

241 1804 246 1810 ἢ
310 1732 456 1789 Haec
500 1734 696 1790 nescio
727 1735 1022 1808 quomodo
1066 1740 1276 1789 sonant
1308 1732 1629 1796 demissius,
1662 1749 1839 1805 quam
1877 1749 1981 1804 pro

227 1827 516 1903 dignitate
554 1827 720 1883 fortis
764 1811 1020 1902 bonique
1050 1828 1174 1895 viri,
1204 1829 1425 1884 nedum
1465 1826 1717 1901 auspicis
1749 1834 1810 1882 et
1846 1845 1984 1882 3110-

227 1909 371 1979 toris
414 1924 498 1979 rei
544 1923 848 1980 Romanae.
938 1923 1027 1979 Eo
1073 1924 1397 1999 spectabat,
1443 1922 1637 1989 crede,
1675 1921 1982 1997 Virgilius,

230 2022 480 2094 (sponte,
511 2039 583 2076 an
617 2021 816 2077 dedita
847 2040 1038 2095 opera,
1071 2022 1199 2095 quis
1229 2022 1387 2077 dicat
1406 2020 1452 2095 2)
1499 2027 1567 2075 ut
1608 2019 1747 2075 satis
1792 2018 1985 2092 abjec-

227 2127 352 2173 tum
404 2125 581 2192 atque
624 2117 911 2173 humilem
955 2126 1201 2192 poneret
1244 2118 1533 2174 AEneam:
1588 2115 1736 2172 illud
1781 2122 1978 2171 autem

228 2233 404 2288 quam
446 2234 640 2290 grave,
676 2216 1057 2290 peccantibus
1100 2217 1160 2272 in
1205 2215 1509 2290 pudorem,
1549 2200 1781 2269 nullum
1828 2211 1987 2286 apud

230 2311 456 2367 Inferos
486 2313 755 2369 mutandi
786 2314 964 2370 animi
996 2313 1192 2370 locum
1224 2312 1380 2368 fore!

314 2408 434 2465 Sed
464 2428 776 2485 pergamus
795 2410 923 2484 jam
952 2411 1012 2465 in
1046 2409 1286 2465 Latium
1319 2427 1455 2464 cum
1487 2406 1800 2463 AEneadis:
1847 2424 1985 2461 nam

229 2503 310 2558 ibi
342 2523 574 2577 quoque
617 2487 816 2578 paullo
860 2503 1211 2578 iniquiorem
1255 2503 1504 2578 praebuit
1542 2521 1603 2558 se
1640 2502 1701 2556 111
1733 2501 1994 2564 AEneam

232 2599 435 2666 Poeta,
469 2619 604 2656 cum
635 2599 851 2667 Turn0‚
883 2599 1093 2658 aemulo
1124 2599 1264 2673 03110,
1295 2598 1555 2655 indolem
1593 2597 1823 2653 dederit
1867 2615 1994 2654 non

229 2697 406 2752 modo
457 2697 720 2753 nativam
776 2715 844 2752 ac
896 2696 1239 2770 simplicem,
1292 2714 1496 2751 verum
1549 2679 1689 2750 eam*
1734 2711 1985 2768 quoque,

230 2814 359 2868 quae
398 2794 658 2850 maxime
701 2793 893 2868 capiat
929 2792 1171 2859 animos,
1201 2793 1458 2868 ingenuo
1489 2791 1745 2867 quodam
1791 2796 1852 2846 et
1886 2790 1984 2864 ju-

233 2890 410 2947 venili
439 2891 676 2948 ardore:
715 2878 851 2946 cum
883 2896 1164 2964 praeterea
1191 2908 1309 2945 non
1342 2889 1520 2945 dubie
1551 2886 1996 2964 significaverit„

232 2971 578 3046 amarireum
611 2987 685 3043 ab
715 2987 840 3062 ipsa
872 2986 1148 3043 Lavinia:
1199 2986 1412 3042 deinde
1443 2985 1598 3060 quod
1640 2985 1824 3041 instar
1862 3003 1987 3039 om-

234 3085 395 3160 nium
421 3090 527 3150 est,
541 3084 763 3158 justam
789 3083 1072 3158 'piamque
1102 3082 1360 3139 bellandi
1386 3101 1619 3139 causam
1652 3080 1943 3137 addiderit
1969 3099 1999 3145 3.

234 3199 364 3236 eam
401 3180 605 3254 utique
641 3198 818 3254 quam
863 3180 961 3253 qui
1003 3185 1322 3254 oppugnet,
1359 3178 1406 3234 is
1451 3196 1689 3234 necesse
1729 3177 1841 3233 erit
1882 3195 1995 3232 ex-¹

235 3283 400 3333 cuset
437 3288 638 3351 aperta
680 3296 747 3333 ac
792 3276 947 3332 clara
978 3275 1093 3332 Dei
1132 3275 1426 3342 mandata,
1458 3274 1698 3331 solenne
1727 3271 1891 3337 illud,
1923 3271 1995 3331 in

236 3373 500 3440 AEneide,
533 3374 751 3430 fraudis
782 3373 1067 3429 velamen.

321 3468 419 3525 Ad
463 3488 768 3537 summam,
807 3470 1069 3527 conferat
1109 3469 1263 3525 inter
1307 3488 1368 3525 se
1408 3467 1616 3541 aliquis
1659 3464 1985 3523 Hectorem

941 3633 963 3654 ⁰
985 3625 1096 3668 AEn.
1122 3624 1162 3668 6.
1187 3623 1289 3681 469.
