2288 4036
235 253 391 286 PRAEL.
402 251 514 284 xx1.
610 232 699 284 illo
711 231 1019 301 prccsertim‚
1046 247 1139 299 quo
1165 228 1227 281 de
1254 228 1483 283 Lenmiis
1507 228 1696 298 ayitur.
1879 227 1990 283 395

237 375 504 432 Lemniae
547 373 680 441 illae,
710 373 1057 429 maritorum
1096 370 1556 428 interfectrices:
1603 369 1800 438 credO,
1831 369 1990 443 'quod

234 472 318 528 ita
347 470 862 546 Clytaemnestram
902 488 1020 525 non
1059 469 1237 525 modo
1268 467 1407 525 diris
1444 466 1736 522 feriebant
1780 466 1993 521 omini-

235 569 359 634 buS,
381 586 582 624 verum
608 566 921 622 tradebant
943 564 1383 641 quodammodo
1409 564 1747 620 certissimis
1776 582 1845 619 ac
1863 562 1985 637 jus-

234 665 472 721 tissimis
504 662 839 727 Numinum
876 662 1099 736 poenis:
1148 679 1353 718 eorum
1396 659 1742 735 praesertim,
1775 659 1991 733 quibus

233 759 491 817 maxime
521 777 674 814 curae
705 765 842 814 sunt
876 759 1013 832 jura
1047 763 1228 831 atque
1263 757 1576 813 commoda
1609 754 1990 822 mortalium;

235 855 496 929 Erinnyn
530 854 680 920 dico,
705 851 1094 918 Mercurium,
1124 851 1165 908 J
1168 870 1340 908 ovem
1372 850 1447 909 O.
1479 851 1597 920 M.;
1642 851 1744 926 qui
1774 848 1989 926 singuli

232 950 574 1027 gravissimo
605 949 716 1005 hoc
748 950 1005 1005 carmine
1037 947 1427 1023 appellantur.

313 1046 529 1121 Neque
558 1045 818 1102 multum
847 1045 1096 1111 abludit,
1117 1044 1275 1119 quod
1305 1045 1431 1119 ejus
1460 1044 1772 1102 cantilenae
1800 1044 1991 1111 initio,

232 1143 390 1199 facta
418 1142 707 1199 malorum
746 1142 1066 1208 mentione,
1093 1141 1306 1215 quibus
1335 1141 1571 1199 obsessa
1599 1148 1840 1198 tenetur
1869 1142 1994 1199 vita

234 1238 557 1304 hominum,
587 1237 986 1294 declaraverat
1015 1236 1328 1312 AEschylus
1360 1237 1805 1314 Pythagoricus,
1847 1257 1987 1295 con-

232 1335 490 1392 sentiens
510 1352 646 1390 cum
670 1333 773 1390 illo
794 1332 1190 1408 Peripatetico
1208 1335 1366 1409 apud
1386 1331 1786 1403 Ciceronem¹;
1823 1334 1992 1392 nulla

231 1431 458 1506 uspiam
495 1449 571 1487 ex
611 1436 777 1504 parte
817 1436 1046 1486 tantam
1089 1430 1260 1487 nobis
1299 1431 1612 1490 imminere
1647 1432 1991 1506 perniciem,

231 1533 512 1602 quantam
564 1546 597 1584 e
653 1527 950 1584 nobismet
1007 1527 1162 1602 ipsis,
1215 1528 1448 1602 quoties
1508 1529 1711 1584 insano
1769 1527 1990 1586 affectu

231 1623 614 1680 stimulantur
641 1642 745 1681 seu
775 1624 884 1680 viri
915 1623 1037 1680 sive
1065 1624 1364 1682 mulieres,
1448 1623 1690 1699 Nempe
1713 1624 1988 1682 aestimari

229 1737 400 1793 posse
444 1719 619 1788 mala,
656 1738 787 1794 quae
830 1720 952 1776 sive
999 1727 1426 1795 tempestatum
1462 1720 1520 1776 vi
1565 1721 1688 1777 sive
1731 1721 1988 1778 ferarum

230 1814 478 1889 pertulit
521 1815 847 1876 humanum
889 1832 1109 1892 genus:
1158 1836 1294 1891 quae
1334 1823 1537 1893 autem
1580 1835 1658 1874 ex
1700 1817 1840 1892 ipsis
1882 1817 1993 1874 ho-

231 1911 488 1968 minibus
525 1913 588 1968 in
629 1912 900 1969 homines
944 1919 1083 1969 sunt
1127 1920 1355 1980 exorta,
1385 1914 1446 1970 in
1490 1932 1561 1970 ea
1603 1913 1835 1970 nullum
1879 1933 1991 1971 un-

231 2026 407 2081 quam
438 2027 630 2083 neque
659 2027 976 2064 numerum
1005 2027 1199 2083 neque
1227 2028 1566 2067 mensuram
1597 2010 1826 2069 cadere.

581 2115 730 2163 πολλὰ
748 2115 828 2172 μὲν
846 2117 904 2174 γᾶ
925 2115 1078 2174 τρέφει

581 2187 649 2232 καὶ
671 2187 787 2231 δεῖνα
809 2188 1018 2245 δειμάτων
1036 2188 1136 2247 ἄγη·

580 2259 753 2303 πόντιαί
770 2258 806 2302 τ’
828 2258 1012 2317 ἀγκάλαι
1034 2260 1264 2305 κνωδάλων

581 2329 763 2374 ἀνταίων
781 2332 959 2387 βροτοῖς

582 2401 816 2445 πλάθουσι·
843 2403 1097 2455 βλάστουσι
1117 2405 1185 2447 καὶ
1206 2404 1455 2462 πεδαίχμιοι

582 2473 803 2528 λαμπάδες
823 2474 1041 2532 πεδάοροι”

582 2544 720 2587 πτανά
740 2563 787 2588 τε
808 2545 876 2588 καὶ
896 2546 1185 2602 πεδοβάμονα,
1208 2546 1445 2603 κάνεμόεντ’
1468 2546 1523 2590 ἂν

582 2614 758 2672 αἰγίδων
778 2617 973 2674 φράσαις
994 2619 1135 2662 κότον.

583 2684 681 2727 ἀλλ’
704 2685 977 2743 ὑπέρτολμον
996 2688 1076 2731 ἇν-

585 2755 686 2812 δρὸς
707 2756 759 2800 ἂν
777 2759 979 2815 φρόνημα
999 2777 1064 2804 τις
1082 2759 1222 2818 λέγοι,

584 2828 651 2870 καὶ
672 2834 881 2886 γυναικῶν
901 2831 1064 2888 φρεσὶν
1083 2834 1318 2889 τλημόνων,

585 2899 652 2941 καὶ
673 2903 996 2957 παντοτόλμους
1016 2902 1190 2959 ἔρωτας,
1212 2902 1358 2948 ἄταισι
1380 2906 1618 2961 συννόμους
1637 2907 1834 2963 βροτῶν;

232 2990 366 3058 Quo
395 2992 456 3047 in
490 2991 621 3049 loco
645 2995 894 3071 vestigia
915 2997 1163 3057 fortasse
1191 2999 1595 3074 deprehendat
1625 3002 1834 3077 aliquis
1864 3022 1982 3059 non

231 3087 476 3145 obscura
506 3089 721 3153 divinae
751 3091 910 3148 illius
939 3092 1000 3150 in
1032 3093 1210 3151 Novo
1245 3095 1493 3155 Foedere
1524 3100 1862 3156 sententiae:

581 3209 705 3252 πᾶσα
723 3209 808 3267 γὰρ
827 3209 966 3268 φύσις
987 3211 1145 3269 θηρίων
1163 3231 1212 3257 τε
1233 3215 1301 3258 καὶ
1319 3215 1536 3269 πετείνων,

583 3280 772 3338 ἑρπέτων
791 3299 838 3325 τε
859 3283 928 3326 καὶ
950 3283 1142 3336 ἐναλίων,

583 3350 809 3407 δαμάζεται
830 3353 899 3396 καὶ
921 3353 1186 3411 δεδάμασται
1207 3359 1257 3412 τῇ
1280 3357 1416 3415 φύσει
1437 3363 1488 3415 τῇ
1511 3359 1767 3417 ἀνθρωπίνῃ·

584 3421 658 3477 τὴν
679 3423 725 3466 δὲ
746 3426 960 3481 γλῶσσαν
980 3426 1120 3472 οὐδεὶς
1141 3425 1313 3471 δύναται
1334 3429 1568 3487 ἀνθρώπων
1587 3432 1790 3488 δαμάσαι·

584 3492 877 3550 ἀκατάσχετον
899 3498 1038 3548 κακὸν,
1061 3498 1199 3554 μεστὴ
1222 3499 1286 3542 ἷοῦ
1309 3500 1626 3559 θανατηφόρου.

896 3593 906 3617 ¹
940 3594 1008 3637 De
1033 3595 1152 3650 Offic.
1177 3597 1221 3640 ii.
1244 3598 1310 3640 16,
