2288 4036
198 267 352 300 PRAEL.
374 264 562 298 xxxm.
639 246 734 298 sed
753 253 800 297 et
821 245 1087 313 sylvestria
1112 246 1282 297 omnia
1307 246 1634 298 exclamavisse.
1837 245 1945 303 679

198 390 355 449 solus
397 389 581 446 ferme
621 394 782 445 recte
827 407 888 446 se
932 388 1205 446 habuerit
1247 389 1491 446 DanteS.
1580 388 1731 445 Cum
1785 390 1943 446 enim

198 485 311 542 illis
340 484 686 560 plerumque
714 483 893 540 moris
926 484 1021 552 sit,
1051 503 1241 541 crassa
1270 503 1338 541 ac
1368 491 1602 540 terrena
1630 484 1944 541 transferre

198 583 257 637 in
287 580 485 656 Elysia
522 599 624 637 sua
664 599 732 637 ac
764 579 1085 648 ParadiSOS,
1114 579 1211 637 hic
1255 599 1330 637 ne
1369 580 1675 636 hortorum
1705 579 1943 654 quidem

196 678 581 746 amoenitates,
634 697 827 753 neque
877 678 1261 736 castissimam
1312 678 1632 735 formarum
1690 676 1946 753 pulchri-

195 774 478 842 tudinem,
511 773 633 831 ullo
663 781 931 850 tempore
960 774 1225 831 admittit
1254 775 1314 831 in
1345 793 1515 831 suum
1547 773 1793 831 aethera:
1842 774 1946 829 tri-

198 871 305 927 bus
345 870 475 938 illis,
506 877 574 927 ut
603 870 889 939 dicebam,
920 871 1105 928 ferme
1135 877 1483 939 contentus3
1533 870 1712 937 Luce,
1746 869 1942 937 Mem,

194 965 408 1027 Cantu.

277 1063 414 1120 Jam
448 1082 596 1130 vere,
631 1064 726 1120 cui
766 1062 996 1120 suffecit
1034 1070 1103 1120 ut
1147 1063 1465 1139 plurimum
1499 1063 1767 1138 supellex
1797 1063 1945 1120 adeo

193 1159 384 1217 brevis
435 1166 497 1216 et
548 1167 814 1235 angusta,
866 1159 1025 1216 idem
1081 1159 1298 1234 alioqui
1359 1159 1649 1235 significat
1707 1178 1770 1216 se
1827 1178 1944 1215 11011

191 1256 421 1312 modice
473 1254 751 1312 delectari
803 1254 1096 1331 sylvarum
1148 1255 1418 1322 flexibus,
1460 1255 1827 1330 obscureque
1877 1274 1945 1312 ac

191 1351 370 1408 dubio
409 1370 515 1427 per
549 1370 791 1408 nemora
834 1370 900 1407 ac
947 1351 1129 1409 saltus
1170 1352 1413 1408 itinere:
1462 1351 1626 1407 velut
1669 1352 1789 1417 ubi,
1836 1352 1945 1409 sub

189 1449 314 1523 ipso
369 1448 559 1522 operis
609 1447 794 1513 initio,
848 1453 1043 1504 narrat
1095 1466 1156 1503 se
1206 1448 1301 1504 via
1352 1448 1632 1503 erravisse
1682 1447 1743 1503 in
1791 1447 1946 1504 valle

189 1543 387 1600 nescio
418 1563 533 1618 qua
563 1543 830 1619 sylvestri
861 1551 922 1600 et
952 1543 1218 1600 horrida:
1263 1541 1358 1599 vel
1388 1542 1579 1598 multo
1611 1543 1792 1599 etiam
1821 1562 1945 1600 ma-

188 1638 278 1714 gis
315 1639 377 1695 in
414 1639 752 1696 suavissimo
789 1639 1045 1696 carmine
1063 1647 1106 1706 P,
1139 1657 1255 1715 quo
1285 1637 1599 1696 Terrestris
1634 1639 1946 1697 adumbra-

191 1742 290 1790 tur
320 1733 647 1792 ParadiSUS.

267 1829 461 1886 Immo
493 1831 690 1898 etiam,
719 1837 786 1887 ut
817 1831 875 1887 id
907 1831 1063 1905 quod
1095 1831 1284 1887 sentio
1316 1831 1523 1898 dicam,
1550 1831 1649 1905 qui
1683 1829 1945 1888 Dantem

189 1926 250 1981 in
283 1925 506 1982 deliciis
535 1925 773 1993 habent,
804 1946 923 1982 non
952 1926 1081 1994 alia,
1112 1927 1435 1983 maximam
1464 1933 1711 2002 partem,
1740 1927 1946 2003 volup-

188 2027 314 2077 tate
360 2021 651 2089 fruuntur,
696 2028 872 2096 atque
924 2023 964 2078 ii
1009 2023 1107 2097 qui
1154 2022 1338 2079 libere
1381 2042 1487 2098 per
1528 2040 1772 2079 nemora
1815 2024 1946 2080 avia

185 2117 552 2192 gradiuntur,
604 2118 814 2174 incerti
865 2118 1004 2192 quid
1061 2137 1295 2193 quoque
1350 2125 1618 2193 tempore
1676 2119 1944 2175 futurum

188 2214 265 2270 sit
309 2213 566 2271 obvium.
654 2213 827 2270 Adeo
874 2234 993 2271 non
1036 2214 1379 2272 incredibile
1424 2215 1659 2272 videtur
1695 2216 1756 2271 id
1787 2217 1943 2291 quod

189 2309 250 2364 in
303 2309 581 2366 Lucretio
632 2311 809 2366 modo
861 2311 1182 2368 docebam:
1250 2312 1297 2369 si
1342 2330 1519 2386 quem
1572 2330 1944 2369 commovere

187 2405 416 2462 soleant
445 2424 643 2463 amore
667 2407 922 2481 quodam
953 2407 1213 2464 obscurae
1244 2414 1306 2464 et
1334 2408 1578 2463 infinitae
1608 2427 1718 2476 reS,
1750 2409 1943 2465 eidem

186 2501 454 2575 scriptori
484 2502 643 2557 cordi
668 2501 796 2557 fore
826 2521 945 2557 11011
975 2508 1247 2576 apertum
1277 2502 1453 2558 modo
1478 2521 1734 2576 aequora,
1752 2503 1944 2579 ignes-

190 2615 305 2671 que
349 2597 620 2664 sidereOS,
652 2616 856 2653 verum
900 2597 1080 2654 etiam
1124 2597 1372 2654 nubium
1418 2597 1709 2672 profunda
1751 2606 1813 2655 et
1854 2618 1944 2656 se-

188 2700 380 2749 cretos
410 2692 702 2767 sylvarum
733 2691 927 2749 calles.

273 2786 504 2845 Verum
547 2788 677 2845 haec
717 2788 900 2845 semel
938 2788 1419 2846 animadvertisse
1457 2791 1597 2847 satis
1633 2791 1726 2847 sit.
1815 2790 1941 2848 Sibi

185 2885 434 2959 quisque
485 2884 618 2941 volo
669 2891 918 2941 venetur
968 2884 1256 2960 exempla,
1315 2886 1492 2942 modo
1550 2886 1663 2943 hoc
1722 2893 1939 2955 teneat,

190 2998 381 3054 neque
411 2981 663 3055 tempori
707 3000 816 3037 nec
856 2980 1041 3036 labori
1085 2981 1462 3055 parcendum,
1501 2983 1548 3037 si
1590 2983 1719 3056 quis
1759 3001 1820 3039 se
1864 3002 1940 3040 ex

186 3075 383 3131 animo
414 3076 682 3152 accingat
712 3076 786 3131 ad
817 3079 942 3150 ejus
973 3075 1273 3131 Poematis
1302 3075 1637 3132 lectionem.
1723 3077 1940 3152 Neque

189 3188 360 3243 porro
406 3170 817 3246 refugiendum
864 3176 1036 3245 putet
1087 3170 1162 3226 ob
1209 3170 1326 3226 duo
1367 3171 1633 3244 quaedam
1671 3170 1766 3227 vel
1809 3173 1939 3239 tria,

189 3282 319 3337 quae
348 3263 606 3321 severius
634 3263 832 3339 paullo
864 3283 1090 3332 sonare,
1119 3283 1195 3321 ne
1226 3265 1418 3321 dicam
1447 3266 1756 3333 horridius,
1782 3266 1940 3321 vide-

191 3363 381 3412 antur.
470 3356 658 3415 Nobis
702 3358 1118 3415 revertendum
1163 3366 1252 3416 est
1296 3359 1438 3417 illuc
1484 3362 1641 3418 unde
1686 3367 1811 3418 erat
1856 3361 1941 3416 di-

759 3534 783 3565 Ρ
806 3528 968 3581 Dante,
993 3530 1270 3585 Puryatorio,
1295 3531 1367 3575 28.
