2288 4036
188 306 345 339 PRAEL.
367 305 556 338 xxvm.
635 284 941 337 Desiderari
967 284 1151 336 Fontes
1174 283 1278 351 ejus
1306 284 1528 333 Poeseos.
1651 327 1653 331 .
1838 281 1943 335 563

188 428 473 504 ejusmodi
518 427 751 492 indicia,
800 444 906 501 per
942 445 1075 500 quae
1117 425 1382 482 maxime
1430 423 1713 480 declarari
1757 424 1944 481 soleat

189 525 385 581 nativa
430 523 532 579 illa
585 541 750 587 vena,
787 541 864 579 -ac
911 522 996 577 vis
1042 521 1328 578 poeseos:
1389 519 1619 585 deinde5
1668 519 1714 574 si
1759 538 1946 596 negas

190 618 539 676 Primarium
575 636 712 673 eum
759 623 921 673 recte
964 616 1264 692 appellari,
1291 616 1636 681 «videndum,
1668 634 1784 689 quo
1816 622 1948 671 t-an-

188 714 322 771 dem
358 714 603 770 redeant
634 712 862 779 laudes,
892 712 1108 787 quibus
1152 712 1310 769 idem
1347 711 1616 767 omnium
1656 729 1946 768 consensu

185 815 441 866 ornatur.
547 807 723 877 Quod
771 810 815 864 ei
872 827 1065 883 neque
1114 807 1533 883 indagantibus
1574 806 1945 882 apparebunt

187 903 288 961 ulli
332 905 500 979 quasi
544 904 739 961 fontes
783 905 908 979 ejus
953 903 1227 972 Poese08‚
1268 923 1461 979 neque
1505 922 1647 959 vero
1696 903 1946 959 deerunt

186 1001 440 1058 rationes
471 1000 611 1056 satis
651 1000 897 1067 idoneae,
928 1019 1032 1055 cur
1074 1000 1134 1055 in
1177 999 1402 1056 honore
1431 1006 1603 1057 tanto
1638 998 1944 1066 habeatur,

162 1095 300 1153 etsi
341 1102 536 1152 careat
568 1095 837 1152 Primarii
879 1097 1155 1162 nomine:
1201 1095 1348 1152 nihil
1380 1102 1447 1152 ut
1479 1096 1688 1171 opinor
1717 1096 1944 1153 vetabit

187 1192 324 1267 pon-i
362 1210 504 1247 eum
550 1191 611 1248 in
654 1211 861 1248 eorum
905 1210 1102 1258 censu,
1141 1192 1240 1266 qui
1281 1211 1401 1248 non
1424 1202 1556 1251 tam
1595 1193 1650 1248 vi
1690 1191 1945 1266 quadam

190 1287 451 1354 Naturae,
497 1307 674 1362 quam
718 1287 997 1365 singulari
1039 1288 1292 1348 artificio
1326 1295 1388 1349 et
1420 1289 1702 1356 doctrina,
1737 1287 1945 1347 Poetae

187 1384 548 1462 prodierunt.

270 1479 364 1536 Ac
396 1481 671 1555 primum,
705 1488 770 1537 ut
800 1481 860 1537 id
891 1482 1048 1556 quod
1082 1499 1285 1538 verum
1317 1489 1407 1538 est
1436 1484 1704 1558 “ingenue
1740 1482 1946 1549 fateat,

186 1577 449 1634 nondum
503 1577 649 1634 mihi
704 1577 1046 1653 diligentius
1097 1577 1427 1654 perlegenti
1480 1580 1751 1644 occurrit,
1790 1578 1945 1653 quis-

185 1691 321 1732 nam
346 1674 510 1749 apud
543 1672 900 1751 Sophoclem
947 1673 1130 1731 lat-eat
1157 1674 1462 1731 obscurior
1492 1692 1710 1741 senene,
1742 1682 1804 1730 et
1836 1674 1945 1730 dif-

185 1769 349 1828 fusus
378 1771 814 1847 quodammodo
856 1768 1027 1845 sapor
1064 1771 1125 1826 in
1165 1772 1328 1828 omni
1370 1771 1495 1845 ejus
1528 1770 1782 1828 Poeseos
1819 1789 1945 1826 cor-

186 1884 343 1942 pore,
434 1865 527 1924 Ex
573 1885 688 1941 quo
736 1865 993 1923 dubitari
1042 1885 1278 1923 necesse
1330 1874 1440 1933 est),
1485 1886 1558 1923 an
1609 1875 1777 1924 extet
1822 1886 1946 1923 om-

185 1961 326 2017 nino
359 1961 518 2036 apud
561 1979 698 2018 eum
740 1960 858 2017 tale
896 1961 1139 2036 aliquid.
1230 1961 1372 2019 Non
1399 1981 1521 2039 quo
1552 1963 1836 2039 ignorem,
1869 1981 1945 2021 ex

182 2074 361 2113 sensu
406 2055 770 2132 singulorum
817 2055 1144 2133 legentium
1183 2058 1282 2115 vix
1327 2059 1456 2134 capi
1500 2078 1670 2134 posse
1714 2059 1946 2134 conjec-

185 2158 380 2210 turam
441 2152 515 2209 de
573 2152 846 2209 universa
904 2153 1212 2211 scribentis
1261 2154 1478 2212 indole..
1577 2154 1726 2223 Quis
1785 2156 1944 2213 enim

186 2265 338 2303 nnus
357 2246 547 2322 judex
579 2248 652 2303 ad
681 2248 920 2323 ingenia
951 2254 1073 2305 tam
1105 2250 1265 2307 varia
1293 2256 1387 2307 tot
1416 2269 1767 2326 magnorum
1797 2250 1947 2308 Poe-

185 2352 378 2401 tarum
424 2343 713 2401 sufficiat?
802 2344 896 2402 Ac
927 2344 1105 2402 velim
1152 2346 1428 2421 equidem
1466 2346 1692 2406 felicior
1735 2347 1944 2423 aliquis

184 2440 248 2497 in
299 2459 430 2498 eam
483 2439 798 2515 aliquando
851 2459 1062 2500 venam
1115 2442 1354 2507 incidat,
1407 2462 1536 2519 quae
1593 2462 1699 2500 nos
1749 2444 1943 2501 adhuc

186 2535 392 2592 sedulo
438 2542 768 2611 quaerentes
812 2535 1004 2594 latuit.
1112 2535 1268 2595 Mihi
1314 2546 1476 2596 certe
1519 2546 1753 2614 gratum
1807 2559 1943 2600 cum

188 2630 388 2707 primis
446 2638 877 2707 acceptumque
929 2632 1100 2691 foret.
1197 2632 1345 2701 Quis
1392 2635 1550 2692 enim
1610 2654 1727 2693 non
1782 2635 1944 2693 lucre

189 2735 442 2803 apponat
471 2725 751 2801 quicquid
781 2746 1041 2802 unquam
1085 2728 1147 2785 in
1191 2727 1386 2789 lucem
1432 2730 1648 2805 poterit
1690 2731 1821 2791 ,erui
1870 2733 1943 2794 de

191 2823 377 2880 causis
420 2821 669 2879 laudatae
716 2822 987 2896 PoeseOS,
1021 2824 1094 2884 de
1133 2825 1357 2886 arcanis
1401 2845 1751 2907 magnorum
1793 2828 1942 2889 viro·

189 2917 358 2979 rum?

272 3014 446 3084 Quod
490 3022 692 3072 autem
732 3017 830 3073 vix
876 3017 1243 3084 crediderim,
1275 3019 1399 3079 fore
1442 3027 1508 3077 ut
1551 3021 1612 3077 in
1646 3019 1939 3097 Sophocle

190 3116 386 3167 nostro
431 3110 603 3167 facile
646 3111 889 3186 indaget
933 3111 1142 3189 aliquis
1189 3114 1476 3188 ejusmodi
1517 3115 1743 3186 fontes3
1788 3116 1942 3174 desi-

191 3202 328 3259 dero
353 3206 628 3282 equidem
652 3206 925 3265 ardentes
948 3206 1096 3276 illos,
1116 3209 1398 3288 ultroque
1426 3212 1488 3269 in
1519 3210 1715 3269 lucem
1746 3229 1941 3271 erum-

190 3306 409 3372 pentes.
439 3302 769 3361 animorum
812 3311 1027 3369 mot-us,
1059 3312 1188 3364 tum
1234 3304 1295 3365 in
1334 3306 1578 3366 choricis
1623 3308 1764 3381 ejus,
1807 3314 1938 3368 tum

190 3394 251 3452 in
295 3395 692 3473 disputatione
740 3404 801 3455 et
849 3398 1097 3476 dialogo,
1188 3401 1515 3463 Videames
1559 3404 1699 3483 quid
1746 3403 1940 3465 valeat

190 3489 251 3545 in
279 3491 394 3549 illis
423 3492 584 3559 locis,
615 3511 864 3569 quorum
902 3493 1052 3552 solet
1085 3515 1210 3554 esse
1241 3499 1501 3556 maxima
1532 3498 1633 3564 vie,
1665 3498 1840 3572 pleno
1871 3518 1940 3555 ac

191 3583 438 3646 ferventi
478 3596 734 3666 pectore.
826 3587 1151 3652 Versantur
1179 3593 1262 3652 illi
1287 3595 1511 3672 partim
1542 3595 1603 3653 in
1632 3593 1939 3653 affectibus

986 3703 1021 3743 o
1052 3704 1086 3742 o
1121 3691 1157 3745 2
