2288 4036
210 163 320 216 852

261 293 546 338 intuentibus
580 307 684 338 vere
716 291 887 352 Epicus
922 293 1143 348 videatur,

262 365 365 411 721.
421 354 532 413 quid
565 353 620 398 de
653 353 803 398 AEnea
837 369 922 398 suo
955 355 1145 399 senserit

258 413 499 467 incertum,
540 425 643 473 723.
706 413 839 472 erigit
875 414 1052 459 animos
1094 414 1144 459 in

257 474 355 533 ejus
377 474 627 526 interitum,
653 484 756 533 724.
806 488 1023 532 personas
1055 475 1141 518 mi-

255 549 423 579 norum
456 535 655 593 partium
690 534 1031 592 quodammodo
1062 550 1142 579 ne-

255 594 403 653 gligit,
441 605 544 663 727.
598 594 756 652 recipit
799 610 846 639 se
886 595 1051 639 lubens
1092 595 1142 639 in

253 669 352 698 rem
374 654 607 707 rusticam,
627 664 730 713 729,
751 665 853 713 742.
886 655 1141 712 praesertim

253 729 278 758 e
300 715 481 772 praeliis,
505 725 608 773 731.
662 714 780 758 bella
774 730 850 818 dse
872 714 1024 759 odisse
1047 715 1138 774 sig-

252 774 536 879 n1ficat‚R732,
554 785 657 833 734·
692 774 803 833 qU1d
816 775 892 828 ita,
911 786 1013 834 7342
1034 785 1137 834 735,

254 846 357 894 739.
391 835 599 879 Romano
653 835 817 905 spiritu
847 850 942 879 non
977 836 1136 888 caruit,

252 905 355 953 735.
391 911 473 939 cur
502 895 691 939 cremari
711 895 901 953 jusserit
923 895 1137 949 AEneida,

252 954 355 1013 736.
399 955 631 1014 quomodo
676 955 734 1000 ad
783 955 926 1014 Epica
965 955 1137 1000 invitus

249 1017 502 1069 accesserit,
526 1015 696 1060 xxxvii.
722 1016 826 1074 738,
851 1017 933 1060 &c.
975 1031 1057 1060 cur
1090 1031 1137 1061 se

246 1076 465 1134 Augusto
482 1075 720 1128 addixerit,
739 1088 839 1135 740.
880 1076 1016 1120 sentit
1030 1091 1137 1121 cum

246 1136 448 1189 rusticis,
475 1152 570 1180 non
602 1136 933 1181 rusticantibus
967 1137 1133 1190 solum,

247 1206 351 1254 741.
405 1196 561 1241 omnia
592 1212 751 1241 eorum
783 1211 911 1241 more
942 1197 1131 1250 notavit,

246 1267 349 1314 742.
389 1272 497 1301 cum
517 1257 572 1301 iis
596 1256 908 1301 stomachatur
929 1264 973 1300 et
995 1271 1132 1315 gran-

244 1316 451 1361 diuscule
482 1317 701 1377 loquitur,
727 1328 831 1376 744.
883 1316 1002 1361 ludit
1033 1317 1131 1375 ipse

242 1377 487 1436 aliquando
528 1378 742 1431 insciens,
784 1377 893 1421 ibid.
936 1384 980 1421 et
1025 1388 1128 1436 753.

245 1436 349 1481 Itali
379 1438 574 1496 pastoris
609 1453 817 1482 sermone
837 1437 997 1490 utitur,
1024 1448 1126 1497 747.

243 1498 443 1555 pecudes
464 1498 693 1556 praecipue
721 1506 765 1542 et
793 1513 898 1556 apes
931 1498 1126 1551 amabat,

236 1557 348 1602 ibid.
383 1559 466 1603 &c.
525 1558 620 1616 dup
622 1558 697 1602 1161
734 1558 791 1602 (16
828 1573 983 1611 causa,
1023 1559 1125 1616 748.

239 1618 449 1687 loquitur·
481 1618 536 1663 de
573 1618 628 1663 iis
663 1625 717 1663 ut
752 1617 808 1662 de
843 1617 1126 1671 hominibus,

238 1684 334 1722 tam
367 1679 483 1723 serio
505 1694 644 1738 quam
674 1678 855 1731 ludens,
880 1689 983 1736 750.
1040 1678 1126 1723 sub

238 1753 396 1783 earum
447 1754 644 1797 persona
694 1738 905 1783 homines
952 1738 1123 1792 irridet,

241 1810 344 1858 752.
378 1814 473 1844 non
494 1815 574 1844 rus
598 1801 763 1852 solum,
783 1798 863 1843 sed
882 1814 963 1843 rus
987 1813 1125 1843 suum

239 1859 538 1913 desiderabat,
563 1870 667 1919 755.
719 1859 983 1904 tentabatur
1005 1874 1123 1903 sem-

237 1935 320 2024 pzer
352 1920 552 1965 absentis
586 1921 707 1964 ruris
743 1919 982 1973 desiderio,
1019 1921 1122 1978 758.

283 1995 435 2025 omam
457 1981 594 2033 venit,
617 1988 822 2039 tempore
851 1979 1005 2024 obitus
1030 1980 1123 2024 Lu-

237 2041 378 2094 cretfi,
411 2041 598 2086 xxxviii.
635 2041 737 2100 760.
791 2040 996 2098 pueritiae
1027 2056 1122 2085 me-

235 2101 381 2146 moria
403 2117 450 2146 se
471 2103 543 2146 vel
563 2101 612 2145 in
633 2100 905 2146 tristissimis
933 2102 1119 2154 solatur,

238 2161 342 2220 762,
368 2161 472 2221 765,
497 2162 600 2221 781.
650 2161 888 2220 Epicureis
911 2162 1122 2205 consulto

236 2237 284 2266 se
297 2222 502 2281 opponit,
516 2221 618 2282 764.
643 2236 959 2266 communlum
973 2221 1120 2265 nomi-

234 2298 351 2326 num
399 2283 501 2327 loco
552 2282 748 2340 propriis
799 2281 959 2334 utitur,
1005 2280 1119 2349 766.

236 2342 391 2387 Deum
412 2343 538 2387 omni
558 2350 763 2400 tempore
791 2341 950 2386 adesse
980 2341 1121 2399 signi-

234 2403 354 2457 ficat,
375 2414 477 2463 779.
513 2408 631 2448 cur‘
636 2408 882 2447 ‘aeternam
902 2402 1118 2446 noctem’'

234 2438 412 2517 dixerit,
435 2463 590 2508 xxxix.
617 2464 719 2523 782.
764 2462 967 2507 Platonis
990 2461 1118 2506 audi-

232 2531 319 2578 tor,
346 2525 448 2584 783.
497 2540 604 2569 eum
625 2538 720 2568 non
741 2522 880 2568 verba
901 2522 1007 2566 dare
1027 2523 1116 2566 lec-

231 2559 426 2638 toribus,
451 2585 554 2644 784.
601 2583 826 2630 vaticiniis
857 2582 1116 2651 abundans,

232 2652 357 2690 totus
389 2653 544 2690 tamen
572 2651 641 2689 est
671 2644 721 2688 in
751 2643 986 2697 memoria,
1012 2644 1117 2702 787.

230 2705 476 2764 puerilium
508 2706 701 2750 fortasse
735 2719 977 2756 annorum,
1013 2716 1116 2762 790.

232 2766 481 2810 delectatur
519 2765 750 2810 ominibus
794 2780 820 2809 a
861 2739 1116 2822 pecudibus

232 2825 397 2879 ductis,
423 2837 525 2885 793.
580 2824 802 2886 εἰρωνείαν
823 2833 1009 2883 propter
1029 2840 1115 2882 pu-

231 2886 389 2931 dorem
411 2887 610 2939 adhibet,
636 2884 740 2945 796.
795 2900 978 2930 summa
997 2884 1115 2928 indi-

231 2947 406 2991 ciorum
428 2947 526 3006 ejus
548 2946 741 3005 pietatis,
767 2946 870 3005 798.
923 2944 1115 2990 ultimus

230 3006 559 3051 Primariorum
581 3006 704 3065 apud
725 3014 913 3058 veteres,
931 3007 992 3050 xl.
1008 3006 1113 3050 800.

229 3083 321 3127 qua
356 3083 411 3112 ex
448 3074 575 3126 parte
615 3067 852 3112 veritatem
895 3040 1113 3134 docuerit,

230 3129 334 3183 804.
389 3143 472 3172 cur
490 3128 685 3186 majores
717 3126 863 3172 nostri
883 3125 1115 3185 magicum

228 3204 335 3233 eum
356 3187 644 3240 crediderint,
667 3188 772 3242 805.

174 3249 380 3317 Viryiues
402 3248 524 3293 Deas
547 3263 574 3293 a
596 3222 904 3307 Virginibus
894 3246 1111 3300 invocari,

226 3309 352 3354 xxiii.
375 3320 478 3368 454.

172 3369 396 3415 Virtutum
448 3368 657 3414 omnium
709 3381 954 3413 commune
1006 3381 1114 3411 cum

228 3429 361 3474 Poesi
381 3429 636 3482 vinculum,
656 3429 747 3474 xiv.
773 3442 876 3487 239.

172 3491 319 3536 Vitam
340 3496 558 3534 aeternam
579 3505 659 3548 per
682 3488 946 3534 Lucretium
969 3487 1109 3547 signi-

226 3551 364 3603 ficari,
386 3566 524 3594 xxxv.
550 3561 653 3609 701.

170 3611 292 3656 Vitia
346 3610 584 3668 splendida
634 3610 827 3655 libenter
879 3607 1108 3661 celebrari,

224 3687 316 3716 xm.
342 3685 445 3715 211.

170 3731 335 3777 Vitium
357 3730 697 3777 educandarum
720 3731 833 3776 ratio
855 3728 979 3789 apud
1000 3728 1105 3774 Vir-

1007 161 1378 216 INDEX.

1293 295 1469 354 gilium,
1492 296 1660 342 xxxvii.
1687 307 1789 356 753

1238 356 1398 423 Vitaloe
1435 355 1559 424 apud
1595 311 1871 417 AEschylum
1908 358 2173 414 similitudo,

1290 415 1382 460 xix.
1398 431 1503 474 340.
1536 416 1584 461 in
1600 417 1792 485 rupibus
1811 419 2000 463 errantis
2022 419 2174 479 imago

1292 475 1570 529 dulcissima,
1592 477 1716 521 xxiii.
1741 477 1845 535 458.

1238 536 1407 640 Ulcisgei
1441 538 1603 590 malos,
1638 552 1744 595 pars
1783 537 2014 592 bonitatis,
2048 539 2172 585 xviii.

1291 610 1343 654 31

1235 657 1430 713 OEysses,
1457 656 1608 701 occiso
1635 656 1803 709 Rheso,
1837 672 1978 716 equos
2013 658 2170 718 abigit,

1287 715 1348 760 ix.
1377 728 1477 774 135.
1534 717 1736 761 minatur
1767 717 2074 776 EurymachO,
2106 720 2168 764 xi.

1292 786 1392 835 172.
1442 777 1498 821 ab
1521 776 1743 821 Achilleio
1766 777 2004 835 splendore
2025 778 2167 833 abest,

1292 850 1392 904 173.
1430 852 1538 895 erga
1557 844 1750 881 matrem
1770 837 1918 896 friget,
1946 849 2045 897 174.
2088 855 2167 898 pa—

1285 896 1420 940 triam
1452 912 1661 941 reversus
1689 912 1784 941 non
1817 898 2038 955 agnoscit,
2066 910 2166 959 179.

1286 971 1368 1000 cur
1416 956 1539 1014 apud
1583 956 1747 1002 Circen
1797 964 2015 1011 moretur,
2064 960 2163 1015 184.

1287 1015 1528 1061 Iliacarum
1569 1032 1723 1061 rerum
1762 1017 1982 1062 memoria
2021 1019 2165 1088 lacry-

1283 1084 1451 1130 matur,
1474 1077 1550 1121 xii.
1577 1088 1682 1145 195.
1733 1079 2036 1122 constantiam
2067 1079 2164 1137 ejus

1283 1137 1405 1181 varie
1436 1137 1618 1190 tentari,
1640 1137 1716 1181 xii.
1758 1136 1858 1205 196.
1899 1137 1995 1196 ejus
2021 1153 2162 1192 mors,

1284 1211 1388 1242 202.
1442 1213 1523 1242 cur
1561 1213 1667 1242 eum
1710 1197 2001 1255 suspicentur
2038 1199 2162 1253 socii,

1280 1258 1372 1302 xiv.
1398 1268 1500 1316 227.
1546 1257 1783 1302 mendicus
1815 1258 2028 1316 egestatis
2061 1274 2163 1328 spe-

1281 1317 1427 1362 cimen
1450 1318 1638 1386 praebet,
1663 1318 1764 1362 228.
1800 1318 2042 1363 consilium
2063 1320 2162 1378 ejus

1280 1377 1335 1422 de
1368 1378 1505 1422 armis
1538 1377 1816 1431 amovendis,
1842 1392 1945 1436 234.
1999 1394 2082 1422 cur
2114 1394 2162 1424 se

1270 1438 1409 1497 jactet
1458 1439 1634 1483 servilia
1674 1453 1866 1482 munera
1907 1446 2160 1507 expertum,
2205 1468 2210 1473 -

1278 1512 1302 1542 2
1307 1510 1380 1557 35.
1435 1514 1517 1543 cur
1549 1499 1598 1542 in
1639 1498 1834 1543 famulos
1878 1499 2048 1551 saeviat,
2083 1515 2159 1544 xv.

1277 1570 1380 1613 250.
1426 1558 1614 1603 Numen
1638 1558 1795 1603 adesse
1818 1558 1968 1611 sentit,
1993 1559 2096 1614 258.

1222 1618 1488 1662 Umbratiles
1530 1618 1762 1678 quomodo
1807 1618 2160 1664 Homericorum

1277 1693 1465 1722 sensum
1491 1686 1804 1738 assequantur,
1827 1694 1871 1722 x.
1892 1689 1992 1736 147.

1221 1738 1393 1782 Umbroe
1426 1745 1716 1783 mortuorum
1746 1738 1966 1797 Tragicae,
2001 1753 2158 1784 earum

1273 1798 1402 1852 ratio,
1437 1799 1530 1843 xxi.
1565 1799 1822 1857 403—408.
1887 1813 1969 1842 cur
1995 1814 2021 1843 a
2052 1799 2157 1844 Vir-

1272 1859 1382 1927 giliq
1435 1874 1542 1903 cum
1593 1859 1754 1904 avibus
1808 1866 2156 1916 componantur,

1272 1919 1428 1963 xxxix.
1475 1932 1577 1988 792.
1657 1934 1712 1964 ex
1752 1919 1918 1963 umbra
1961 1918 2155 1964 Poeseos

1273 1979 1383 2038 quid
1407 1979 1493 2024 de
1482 1995 1582 2038 lpsa
1604 1979 1861 2032 doceamur,
1879 1979 2033 2024 xxviii.
2048 1979 2153 2038 562.

1218 2039 1433 2084 Voluntas
1473 2040 1717 2084 hominum
1752 2040 1907 2093 libera,
1950 2039 2155 2084 Homero

1262 2099 1432 2158 judice,
1454 2117 1529 2145 xv.
1555 2100 1658 2145 262.

1214 2159 1490 2218 Voluptariis
1521 2161 1706 2219 negabit
1739 2175 1848 2205 suos
1879 2159 2043 2205 odores
2071 2175 2153 2204 na-

1268 2227 1385 2273 tura,
1408 2221 1531 2265 xxxi.
1555 2221 1659 2277 645.

1215 2280 1430 2338 Voluptas
1451 2297 1663 2340 quaenam
1685 2280 1743 2325 sit
1759 2279 1940 2339 proprie
1954 2279 2151 2333 Poetica,

1270 2341 1585 2400 quaerendum,
1617 2342 1647 2386 i.
1682 2342 1725 2385 8.
1789 2341 2062 2398 proponitur
2097 2341 2152 2385 de

1268 2415 1321 2445 ea
1341 2416 1389 2445 re
1409 2403 1683 2461 conjectura,
1699 2400 1808 2445 ibid.
1828 2415 1898 2445 11.
1931 2401 2153 2459 probatur

1267 2476 1319 2505 ea
1339 2468 1441 2505 tum
1463 2477 1487 2506 e
1509 2461 1743 2506 communi
1765 2476 1987 2514 sermone,
2009 2461 2055 2506 ii.
2080 2476 2150 2516 14.

1267 2529 1368 2566 tum
1398 2538 1454 2566 ex
1484 2523 1698 2580 opinione
1727 2536 2024 2590 magnorum
2030 2521 2150 2566 viro-

1265 2597 1384 2635 rum,
1407 2582 1466 2627 iv.
1490 2597 1564 2638 41.
1617 2590 1719 2627 tum
1741 2597 1796 2626 ex
1818 2581 1928 2640 ipsis
1960 2582 2149 2640 origini-

1265 2637 1353 2686 bus
1376 2643 1484 2687 artis
1507 2643 1708 2701 poeticae,
1731 2641 1805 2710 46,
1829 2642 1912 2686 &c.
1944 2643 2149 2701 quinam
2184 2700 2187 2702 3

1265 2702 1507 2747 hominum
1543 2719 1644 2748 eam
1678 2702 1875 2747 maxime
1911 2701 2148 2747 adamave-

1264 2763 1371 2816 rint,
1407 2774 1482 2822 53.
1537 2778 1629 2822 quo
1668 2762 1836 2807 damno
1873 2777 1926 2807 ea
1967 2764 2063 2807 sola
2097 2762 2147 2807 in

1266 2823 1399 2867 Poesi
1421 2831 1667 2882 quaeratur,
1689 2823 1797 2867 xxii.
1821 2836 1926 2879 414.
1958 2823 2147 2881 ponitur

1263 2883 1491 2942 praecipue
1512 2883 1561 2927 in
1593 2898 1758 2929 arcano
1781 2883 2009 2928 Poematis
2042 2898 2145 2927 sen-

1265 2959 1334 2996 su,
1379 2959 1484 3003 419.
1548 2944 1605 2989 ab
1657 2943 1846 2988 auribus
1897 2943 1947 2987 in
1987 2945 2145 2988 oculos

1263 3006 1482 3049 translata
1499 3003 1739 3063 Sophoclis
1756 3011 1975 3061 tempore,
1989 3003 2144 3048 xxviii.

1263 3065 1369 3123 580.
1418 3080 1444 3109 a
1494 3064 1704 3110 Lucretio
1746 3063 1961 3117 fastidita,
2004 3079 2143 3109 xxxv.

1264 3134 1367 3183 701.

1208 3185 1395 3229 Vomer
1383 3201 1432 3229 111
1454 3185 1593 3231 8111618
1615 3185 1815 3238 relictus,
1842 3183 2013 3229 xxxvii.
2039 3193 2141 3243 749.

1198 3244 1526 3305 ’Υπεχώρησεν,
1559 3246 1656 3305 ejus
1699 3219 1826 3290 verb'i
1867 3243 1989 3304 apud
2034 3244 2142 3288 Pin-

1262 3305 1425 3350 darum
1449 3306 1534 3360 vis,
1557 3306 1679 3351 xxvi.
1703 3317 1808 3374 537.

1198 3364 1486 3424 Ὑπέρμορον,
1530 3367 1627 3426 ejus
1679 3367 1803 3410 vocis
1857 3364 2142 3424 significatio,

1260 3442 1336 3471 xv.
1362 3426 1465 3472 260.

1200 3486 1466 3546 ‘Yiroxpcra2,
1491 3487 1678 3546 quinam
1701 3485 1946 3531 Poetarum
1977 3498 2143 3529 vocan-

1262 3547 1309 3591 di
1331 3549 1438 3599 sint,
1460 3548 1523 3591 xl.
1546 3548 1651 3605 817.

1196 3605 1487 3666 Ὓπωροφιάι,
1510 3606 1621 3667 quid
1644 3604 1883 3665 significet,
1906 3620 2012 3650 xxv.
2035 3616 2142 3673 509.

1206 3668 1430 3712 Utilitatis
1461 3682 1637 3720 norma,
1661 3668 1806 3711 aliena
1827 3682 1854 3711 a
1877 3665 2023 3718 Poesi,
2046 3664 2140 3708 xiii.

1258 3742 1363 3773 220.
