2288 4036
166 279 528 313 ruffinxxvm.
593 261 654 312 de
680 261 895 312 locorum
919 277 1103 324 amore,
1129 258 1478 330 infaustorum
1505 262 1669 311 etiam.
1820 263 1929 315 5¹73

170 401 499 467 familiares,
514 402 679 474 quasi
703 402 986 474 quosdam
1020 401 1236 458 doloris
1262 402 1450 458 socios
1478 420 1547 458 ao
1577 401 1928 475 participes3

168 509 244 554 ex
273 516 390 571 quo
422 497 690 564 efficitur,
721 503 789 552 ut
832 497 894 552 in
939 497 1190 571 patriam
1220 499 1401 554 etiam
1433 504 1616 571 atque
1652 497 1714 553 in
1754 496 1930 553 liber-

168 598 355 648 tatem
398 592 559 648 abire
591 592 761 666 jussi,
809 611 925 647 non
967 593 1093 648 sine
1133 611 1352 668 angore
1388 593 1644 667 quodam
1690 592 1927 660 abeant,

166 688 403 743 carituri
442 687 719 761 deinceps
759 686 830 743 iis
868 687 1062 755 rebuS,
1093 706 1228 762 quae
1272 686 1477 744 multis
1520 687 1765 743 fortasse
1798 687 1927 761 jam

163 785 330 840 annis
360 784 593 839 fuerant
624 783 733 839 sibi
764 782 973 840 solatio
1012 790 1074 840 et
1115 783 1399 840 lenimini.
1490 783 1674 858 Cujus
1695 784 1794 839 rei
1827 784 1927 858 qui

165 879 323 936 volet
366 880 595 936 abditas
639 880 877 954 penitus
918 881 1228 954 exquirere
1273 881 1547 947 rationes,
1585 881 1634 937 is
1679 880 1927 938 fortasse

164 995 401 1033 necesse
441 977 553 1032 erit
596 977 658 1031 in
702 975 912 1032 altiora
950 983 1011 1032 et
1052 977 1340 1033 diviniora
1379 984 1662 1052 assurgat,
1693 977 1928 1033 univer-

162 1090 404 1147 samque
434 1071 874 1146 contempletur
898 1071 1204 1128 Poeticam
1237 1091 1313 1128 ex
1344 1091 1415 1128 ea
1442 1079 1630 1147 parte,
1652 1091 1768 1148 qua
1797 1080 1926 1130 tan-

159 1168 321 1243 gitur
342 1186 377 1224 a
399 1167 617 1224 caelesti
641 1167 751 1224 hac
784 1167 1183 1243 Philosophia.
1288 1167 1393 1224 Sin
1424 1168 1702 1244 exempla
1730 1170 1922 1243 petis3

162 1263 590 1320 nobilissimum
638 1263 698 1319 id
743 1263 1001 1338 quidem,
1047 1263 1205 1338 quod
1250 1264 1324 1319 ad
1370 1263 1681 1321 castellum
1725 1266 1922 1322 nescio

161 1361 319 1434 quod
338 1360 518 1434 juxta
549 1359 774 1416 Lacum
808 1359 1139 1416 Lemanum
1168 1358 1486 1434 aliquando
1517 1361 1862 1435 perhibetur
1882 1372 1921 1397 ¹¹¹

159 1456 455 1523 accidisse,
486 1475 622 1513 cum
654 1457 728 1512 de
757 1455 1025 1531 pluribus
1060 1456 1310 1530 captivis
1347 1464 1646 1531 superstes
1676 1477 1829 1515 unus
1860 1478 1922 1516 se

161 1571 278 1608 non
322 1551 502 1608 ferret
545 1571 579 1608 e
620 1550 868 1607 vinculis
912 1551 1126 1617 emitti,
1171 1570 1281 1607 nec
1327 1551 1499 1608 facile
1546 1555 1800 1611 caruerit
1846 1574 1921 1611 ne

148 1646 332 1722 ¹nudis
360 1646 600 1720 quidem
639 1645 978 1721 parietibuS,
1011 1646 1209 1702 sonitu
1239 1664 1540 1720 aquarum,
1569 1646 1768 1722 gelido
1799 1667 1922 1705 car-

158 1742 306 1798 ceris
334 1743 692 1817 pavimentO,
723 1741 917 1799 infusa
945 1741 1273 1798 identidem
1302 1761 1408 1816 per
1436 1741 1613 1798 rimas
1644 1742 1920 1800 caelorum

159 1836 307 1893 luce.
385 1837 457 1893 Id
486 1856 672 1893 unum
703 1838 746 1893 si
780 1837 1056 1911 excipias,
1087 1838 1245 1911 quod
1277 1837 1468 1912 ipsum
1500 1837 1747 1894 fortasse
1775 1858 1919 1895 non-

157 1933 335 1989 nullis
379 1934 490 1990 erit
534 1932 896 2000 incredibile,
933 1940 995 1989 et
1032 1934 1196 2007 quasi
1235 1933 1531 2008 quoddam
1576 1935 1720 2009 aegri
1764 1953 1920 1991 som-

157 2030 339 2096 nium,
370 2030 568 2086 nescio
604 2047 744 2086 sane
783 2048 859 2086 an
899 2030 1055 2104 apud
1092 2030 1393 2086 neminem
1430 2030 1717 2106 insignius
1749 2038 1918 2088 extet

155 2126 281 2200 ejus
311 2125 583 2182 desiderii
619 2125 934 2200 specimen,
967 2144 1146 2201 quam
1191 2126 1348 2200 apud
1381 2125 1741 2201 Sophoclem
1785 2146 1919 2185 nos-

154 2227 330 2286 trum,
361 2226 493 2276 tum
523 2219 585 2275 in
614 2216 802 2294 Ajace
833 2227 963 2276 tum
992 2219 1285 2295 praecipue
1315 2221 1375 2277 in
1409 2221 1768 2280 Philoctete.

241 2315 480 2390 Nempe
517 2314 764 2389 Ajacem
807 2315 1059 2372 vivendo
1094 2317 1221 2391 jam
1269 2317 1583 2384 defessum,
1629 2325 1810 2394 atque
1853 2320 1915 2375 in

154 2409 426 2466 ultimam
469 2409 632 2466 illam
669 2410 931 2484 requiem
969 2411 1143 2467 unice
1182 2411 1501 2480 intentum,
1532 2421 1797 2470 moratur
1828 2420 1917 2472 ta-

154 2524 293 2562 men
337 2506 534 2562 nescio
564 2505 665 2579 qui
696 2522 900 2562 sensus
944 2507 1224 2571 moeroriS‚
1256 2507 1415 2581 quod
1446 2507 1751 2582 linquendi
1795 2511 1915 2566 sint

152 2621 375 2668 amnes,
427 2608 611 2667 antra,
657 2601 834 2668 silvae,
885 2601 997 2663 sibi
1044 2603 1293 2658 decenni
1335 2603 1462 2677 jam
1515 2603 1729 2661 militia
1772 2605 1914 2662 facti

155 2705 436 2771 tanquam
467 2695 695 2752 sodales
725 2702 788 2751 et
817 2696 991 2752 amici
1022 2697 1318 2771 quidamn.

503 2795 632 2851 πόροι
651 2793 866 2852 ἁλίροθοι,
887 2795 1063 2851 πάραλά
1083 2794 1119 2838 τ’
1143 2795 1292 2853 ἄντρα,

503 2866 573 2908 καὶ
594 2865 720 2922 νέμος
740 2864 954 2917 ἐπακτέον,

503 2938 645 2980 πόλυν
663 2938 803 2980 πόλυν
824 2937 956 2994 δαρόν
975 2937 1026 2980 τέ
1042 2956 1095 2994 με

502 3007 710 3065 κατείχετ’
731 3008 848 3065 ἀμφὶ
869 3007 1025 3065 Τροΐαν

501 3081 673 3137 χρόνον·
705 3079 806 3123 ἀλλ’
828 3080 969 3123 οὕκετί
987 3079 1029 3137 μ’
1052 3078 1187 3124 οὕκετ’
1208 3079 1401 3137 ἀμπνοὰς
1421 3081 1590 3138 ἔχοντα.

500 3153 629 3195 τοῦτό
650 3170 715 3197 τις
735 3153 914 3209 φρονῶν
931 3150 1058 3196 ἵστω.

498 3222 535 3266 ὦ
555 3223 837 3280 Σκαμανδρίοι
857 3223 1046 3281 γείτονες
1064 3222 1176 3281 ῥοαὶ,

501 3296 710 3353 εὔφρονες
726 3294 954 3353 Ἀργείοις,

500 3366 634 3410 οὕκετ’
657 3366 790 3425 ἀνδρὰ
809 3367 865 3424 μὴ
887 3366 999 3412 τόνδ’
1021 3366 1152 3424 ἴδητε.

323 3499 364 3523 m
388 3492 475 3534 'me
495 3492 704 3535 Prisoner
725 3492 780 3546 of
797 3492 981 3535 Chillon.
1477 3499 1504 3521 ¹¹
1522 3491 1597 3546 Aj.
1620 3504 1723 3544 411.
