2288 4036
271 177 381 232 682
461 177 641 248 Impia
666 176 909 230 [lucretii
934 176 1175 229 carmina
1200 175 1282 230 vel
1292 177 1410 247 piis
1423 177 1651 248 placere.
1703 195 2069 230 rumnxxxw.

270 325 432 390 tatis.
499 322 752 381 Numen
783 322 898 380 etsi
928 341 1051 379 non
1081 321 1281 398 palam
1312 322 1579 391 laudant,
1613 331 1676 382 et
1707 343 1836 382 esse
1866 331 2073 383 tamen

271 429 334 480 et
364 422 572 481 adesse
609 441 732 478 non
770 440 903 479 raro
948 420 1307 498 significant.
1398 421 1576 491 Quod
1610 430 1818 481 contra
1849 422 2072 482 Lucre-

270 522 391 579 tius
420 526 627 578 noster
657 518 823 594 (nam
854 519 928 578 ad
961 537 1103 577 eum
1134 526 1369 596 spectat
1398 523 1677 579 universa
1713 521 1840 580 haec
1871 522 2073 599 dispu-

271 619 450 695 tatio)
484 609 722 675 disertis
752 616 951 675 verbis
992 623 1176 695 negat
1207 617 1469 675 existere
1513 618 1576 675 in
1621 618 1779 676 caelis
1810 617 2071 695 aliquod,

270 717 439 793 cujus
493 734 607 793 ope
664 721 979 797 terrestres
1032 721 1096 774 et
1153 715 1433 774 humanae
1489 735 1583 775 res
1637 724 2070 794 temperentur.

270 816 576 874 Insaniam
624 834 801 892 porro
846 815 1026 873 istam
1073 834 1196 873 non
1243 814 1430 874 semel
1483 816 1663 873 modo
1709 815 2068 891 iterumque,

270 914 440 972 velut
484 914 588 990 qui
638 913 804 972 aliud
855 914 1002 992 agit,
1048 914 1276 973 fatetur
1301 933 1315 983 ;
1369 914 1558 971 immo
1612 921 1811 991 partes
1859 933 1931 972 ea
1974 913 2072 971 vel
2128 933 2133 938 ’

270 1012 605 1089 praecipuas
636 1010 750 1069 sibi
780 1011 1048 1070 vindicat
1079 1010 1268 1070 totius
1301 1010 1610 1069 Poematis
1640 1010 1982 1088 argumenti
2000 1017 2041 1068 ἢ.

514 1140 734 1185 Humana
754 1147 858 1185 ante
878 1142 1036 1186 oculos
1058 1141 1178 1187 foede
1202 1156 1310 1186 cum
1329 1141 1423 1187 vita
1438 1142 1605 1200 jaceret

515 1215 572 1259 In
593 1215 724 1259 terris
748 1230 965 1273 oppressa
985 1215 1113 1274 gravi
1135 1215 1221 1260 sub
1243 1215 1473 1274 religione,

514 1288 632 1338 Quae
654 1296 791 1347 caput
812 1304 836 1334 e
858 1289 956 1334 caeli
976 1289 1240 1348 regionibus
1262 1288 1544 1342 ostendebat,

515 1362 737 1408 Horribili
760 1379 896 1422 super
917 1370 1103 1422 aspectu
1124 1363 1392 1411 mortalibus
1415 1363 1607 1417 instans,

513 1437 721 1482 Primum
745 1437 909 1483 Graius
930 1437 1070 1483 homo
1092 1439 1306 1483 mortales
1328 1439 1483 1483 tollere
1505 1445 1663 1482 contra

515 1510 599 1555 Est
621 1512 778 1556 oculos
801 1526 955 1565 ausus,
978 1511 1245 1572 primusque
1265 1511 1483 1557 obsistere
1505 1518 1689 1556 contrat

513 1583 667 1632 Quem
688 1599 772 1629 nec
794 1585 916 1630 fama
938 1586 1105 1639 Deum,
1127 1600 1211 1630 nec
1233 1585 1431 1644 fulgura,
1454 1600 1537 1629 nec
1559 1584 1787 1629 minitanti

513 1658 755 1702 Murmure
777 1659 1046 1718 compressit
1066 1658 1350 1714 caelum,vsed
1371 1673 1424 1704 eo
1444 1659 1591 1717 magis
1612 1673 1762 1703 acrem

512 1732 743 1777 Virtutem
764 1733 909 1778 irritat
930 1734 1084 1787 animi,
1108 1733 1391 1792 confringere
1411 1739 1464 1777 ut
1485 1739 1608 1777 arcta

514 1806 704 1851 Naturae
726 1806 901 1864 primus
923 1813 1159 1865 portarum
1181 1807 1377 1851 claustra
1398 1806 1586 1864 cupiret.

513 1880 640 1939 Ergo
661 1880 813 1926 vivida
833 1881 902 1926 vis
925 1881 1065 1926 animi
1084 1880 1288 1940 pervicit,
1311 1887 1355 1925 et
1376 1887 1502 1925 extra

515 1953 742 1999 Processit
762 1956 900 2014 longe
920 1951 1201 2000 flammantia
1219 1955 1388 2000 moenia
1407 1954 1586 2025 mundi,

511 2027 666 2087 Atque
687 2043 822 2073 omne
843 2029 1123 2074 immensum
1142 2029 1398 2089 peragravit
1418 2036 1570 2074 mente
1592 2029 1858 2088 animoque:

515 2101 654 2147 Unde
674 2103 811 2147 refert
831 2103 966 2148 nobis
987 2103 1133 2148 victor
1154 2102 1266 2163 quid
1285 2103 1431 2161 possit
1452 2103 1575 2156 oriri,

515 2175 643 2224 Quid
664 2184 858 2237 nequeat
869 2195 884 2231 3
917 2177 1045 2222 finita
1065 2183 1264 2236 potestas
1287 2176 1482 2237 denique
1504 2177 1701 2236 quoique

516 2248 731 2298 Quanam
752 2250 810 2295 sit
830 2250 1019 2304 ratione,
1042 2257 1177 2310 atque
1198 2251 1286 2295 alte
1305 2251 1528 2295 terminus
1550 2251 1744 2295 haerens.

517 2322 671 2372 Quare
694 2323 871 2382 Religio
891 2323 1085 2383 pedibus
1109 2323 1312 2383 subJecta
1330 2323 1531 2369 vicissim

515 2394 781 2450 Obteritur;
814 2411 900 2442 nos
922 2403 1129 2456 exaequat
1149 2396 1337 2442 victoria
1357 2397 1483 2442 caelo.

271 2504 411 2564 Hoc
456 2505 609 2564 illud
651 2513 795 2576 erat,
830 2507 991 2584 quod
1031 2507 1193 2585 apud
1238 2526 1380 2566 eum
1424 2526 1561 2565 cara
1603 2525 1672 2564 ac
1717 2505 2074 2564 venerabilis

269 2604 609 2664 habebatur
662 2605 908 2684 Epicuri
959 2607 1225 2666 familia:
1295 2606 1452 2665 hanc
1511 2606 1858 2675 admiratur,
1917 2605 2073 2663 hanc

269 2714 451 2774 amat,
482 2704 664 2782 hujus
693 2707 992 2765 rationem
1021 2707 1224 2784 pueris
1255 2707 1619 2783 senibusque
1650 2705 2074 2763 commendare

269 2810 334 2860 et
364 2804 602 2862 tradere
634 2803 820 2886 solet..
873 2804 929 2864 O
953 2824 1083 2864 rem
1107 2805 1378 2864 odiosam
1409 2812 1473 2863 et
1496 2803 1818 2863 molestam
1840 2802 2073 2879 !—quis

270 2910 455 2980 neget
473 2903 647 2962 2-at
686 2903 912 2984 legitur
950 2912 1179 2976 tamen,
1210 2912 1275 2963 at
1305 2904 1608 2973 ediscitur,
1640 2911 1704 2962 at
1748 2903 2071 2961 recitatur:

269 3000 458 3059 immo
491 3001 694 3060 locum
741 3003 854 3061 sibi
898 3003 1123 3062 meruit
1153 3002 1258 3061 vix
1286 3004 1393 3060 uni
1424 3009 1608 3079 atque
1643 3001 1818 3060 alteri
1863 3018 2075 3058 secun-

270 3099 417 3156 dum
448 3100 609 3177 apud
639 3101 906 3161 fautores
930 3101 1193 3160 Poeseos
1223 3120 1364 3159 vere
1395 3101 1631 3159 divinae.
1721 3099 1782 3157 Is
1814 3099 2074 3174 denique

270 3197 538 3274 optimus
585 3198 846 3258 habetur
894 3199 1148 3258 Naturae
1191 3199 1470 3257 minister
1511 3206 1574 3256 et
1616 3199 1931 3274 interpres,
1970 3196 2074 3272 qui

269 3300 334 3352 et
364 3295 660 3373 principio
692 3298 857 3355 omni
888 3304 952 3356 et
983 3298 1156 3356 exitu
1191 3295 1431 3355 nullum
1468 3315 1532 3354 se
1568 3296 1806 3353 novisse
1851 3293 2075 3372 signifi-

269 3398 370 3451 cet
401 3393 672 3470 ejusdem
706 3394 960 3454 Naturae
991 3394 1330 3454 Auctorem
1363 3401 1426 3453 et
1456 3392 1797 3454 Arbitrum.
1885 3391 2076 3450 Plana

997 3602 1021 3625 ἃ
1054 3593 1190 3639 Lucr.
1218 3607 1257 3638 1.
1282 3592 1355 3651 63.
