2288 4036
188 276 524 310 PRAEL.XXV11.
550 259 729 312 Poesis
751 260 1050 323 Graiorum,
1072 260 1252 314 umbra
1271 262 1511 332 quaedam
1526 263 1787 320 Ecclesiae.
1832 271 1942 326 559

187 400 531 475 frequentia,
585 402 799 476 partim
860 402 1312 472 Immortalium,
1371 407 1587 480 partim
1645 407 1939 482 majorum

186 498 461 556 suorum?
549 497 761 572 Itaque
791 504 860 554 ut
891 498 1078 555 oratio
1118 506 1332 567 nostra,
1366 518 1482 573 quo
1514 499 1616 555 (1111
1649 499 1778 574 jam
1809 506 1939 557 ten-

185 593 287 660 dit,
317 612 387 649 60
417 593 658 649 tandem
689 594 996 662 deveniat;
1045 596 1365 651 videndum
1407 614 1483 653 an
1526 595 1665 651 huic
1698 593 1938 670 Lyrico-

183 706 311 745 rum
341 687 660 745 Poetarum
701 688 963 746 libertati
993 690 1054 746 id
1084 691 1345 748 maxime
1374 692 1633 748 muneris
1663 691 1937 747 tribuerit

182 783 515 860 Benignum
547 783 809 850 Numen,
851 792 919 840 ut
959 792 1217 842 servaret
1248 788 1523 861 quaedam
1555 787 1717 862 quasi
1759 787 1937 843 vesti-

179 881 276 956 gia
303 880 556 955 pietatiS‚
587 879 729 936 alias
769 881 843 936 ad
875 880 1132 955 Superos
1163 883 1282 939 cito
1312 884 1549 958 penit-us
1587 901 1932 940 recessurae:

180 975 334 1050 quali
379 975 569 1032 officio
614 977 772 1050 prius
816 976 1006 1033 functi
1052 985 1190 1034 sunt
1231 975 1511 1055 ῥαψῳδοὶ,
1544 985 1751 1054 postea
1792 978 1935 1035 Tra-

177 1072 309 1147 gici,
341 1071 552 1128 dehinc
584 1071 1075 1147 Philosophorum
1118 1080 1389 1130 catervae.
1481 1073 1577 1130 Ex
1607 1075 1820 1148 quibus
1864 1073 1934 1130 il-

177 1166 279 1223 lud
322 1166 600 1225 effectum
645 1175 750 1235 est,
794 1170 949 1243 quod
998 1188 1104 1226 nos
1149 1170 1324 1226 docet
1358 1169 1580 1227 Divina
1609 1170 1785 1229 Vox:
1839 1170 1932 1226 οὐκ

177 1258 489 1340 ἀμάρτυρον
516 1262 758 1322 Ἑαυτὸν
789 1265 995 1343 ἀφῆκεν
1008 1274 1052 1332 Β,
1082 1284 1269 1340 usque
1300 1283 1387 1332 60,
1420 1265 1608 1322 (101160
1644 1264 1932 1322 effulserit

177 1358 311 1415 Lux
341 1360 441 1416 illa
469 1361 683 1435 purior,
716 1361 907 1419 nullas
937 1381 1198 1437 unquam
1228 1360 1501 1418 tenebras
1531 1380 1787 1436 passura.

255 1455 544 1531 Denique,
581 1458 642 1513 ni
685 1457 871 1524 fallor,
909 1459 1081 1514 video
1127 1459 1308 1514 etiam
1355 1458 1512 1532 apud
1556 1457 1796 1515 annales
1839 1477 1930 1515 16-

173 1553 519 1620 centiorum,
555 1553 713 1628 quod
759 1555 1048 1611 rationem
1100 1554 1251 1611 hanc
1303 1560 1566 1611 nostram
1612 1554 1686 1611 de
1739 1555 1928 1612 causis

174 1647 499 1727 Pindaricae
542 1649 850 1729 παρρησίας
881 1670 999 1707 11011
1042 1650 1254 1707 leviter
1283 1651 1700 1707 commendare
1730 1651 1928 1708 videa-

170 1752 284 1802 tur.
372 1745 600 1823 Magna
635 1746 911 1803 videlicet
949 1745 1062 1803 Illa
1099 1747 1218 1803 Dei
1250 1746 1492 1814 Civitas,
1524 1766 1640 1821 qua
1684 1748 1927 1804 tandem

170 1847 310 1908 arte,
341 1849 475 1916 post
506 1842 761 1899 Romam
803 1842 1115 1909 devictam,
1147 1827 1285 1899 cum
1316 1841 1453 1916 Ipsa
1488 1841 1925 1916 quodammodo

169 1945 489 2012 caperetur,
527 1939 680 1995 feros
724 1938 975 1995 victores
1016 1956 1224 2014 capere
1267 1937 1506 2013 potuit?
1596 1937 1921 2006 Libertate,

167 2034 359 2102 cred0‚
390 2041 452 2090 et
483 2034 866 2091 sanctissimae
897 2034 1112 2110 linguae
1142 2034 1443 2113 παρρησίᾳ.
1509 2033 1689 2091 Unde
1718 2041 1923 2092 autem

167 2135 334 2187 tanta
362 2131 476 2188 ista
500 2130 809 2188 Libertas?
873 2130 1090 2198 Primo,
1114 2130 1479 2188 immortales
1510 2148 1572 2188 se
1603 2131 1727 2187 fore
1758 2138 1922 2188 certo

166 2225 458 2283 sciebant:
497 2227 710 2283 deinde
734 2226 932 2283 Deum
960 2226 1308 2301 divinosque
1331 2228 1578 2284 nuncios
1603 2226 1765 2283 omni
1788 2225 1921 2283 loco

165 2339 232 2377 ac
278 2329 544 2397 tempore
601 2323 803 2379 adesse
853 2326 1164 2378 noverunt.
1263 2318 1456 2395 Atqui
1507 2319 1718 2377 harum
1769 2321 1922 2395 ipsa-

163 2437 290 2474 rum
328 2437 522 2474 rerum
569 2419 813 2475 obscura
858 2417 1112 2492 quadam
1156 2415 1545 2473 hariolatione
1576 2417 1799 2473 fretum
1828 2416 1921 2473 fu-

162 2513 274 2571 isse
304 2521 366 2571 et
397 2514 719 2571 Pindarum
759 2532 1133 2590 auguramur.
1222 2510 1394 2569 Adeo
1430 2531 1508 2570 ex
1542 2512 1653 2570 hac
1685 2532 1919 2588 quoque

160 2617 327 2685 parte
372 2610 595 2685 placuit
643 2629 874 2667 summo
910 2608 1011 2666 Illi
1057 2608 1310 2664 Numini
1358 2609 1575 2665 servari
1621 2610 1918 2683 quandam

162 2725 336 2781 quam
366 2714 580 2764 vocant
610 2706 930 2780 ἀναλογίαν,
962 2712 1030 2762 ut
1065 2704 1414 2780 imperfecta
1443 2711 1505 2762 et
1534 2706 1729 2780 priora
1756 2713 1919 2782 post-

160 2822 339 2861 remae
370 2809 432 2859 et
462 2803 699 2878 opt-imae
731 2803 837 2859 viae
870 2801 1307 2876 quodammodo
1337 2802 1749 2875 respondeant.

243 2895 390 2954 Haec
428 2898 475 2954 si
505 2897 601 2954 cui
639 2917 757 2954 non
801 2915 1034 2971 prorsus
1071 2897 1275 2971 inepta
1304 2896 1684 2965 videbuntur,
1712 2897 1762 2955 is
1791 2917 1916 2956 me-

160 3012 295 3051 cum
337 2995 582 3053 fortasse
629 2995 940 3070 judicabit,
984 3013 1104 3050 non
1147 2994 1272 3050 sine
1316 2995 1616 3069 praecipua
1659 2997 1914 3070 quadam

158 3079 387 3167 προνοίᾳ
418 3110 754 3148 concessam
798 3090 976 3147 fuisse
1016 3089 1224 3157 Graiis,
1255 3089 1382 3164 ipso
1424 3089 1680 3148 Poeseos
1723 3091 1911 3160 initio,

157 3186 580 3244 nobilissimam
623 3187 787 3244 illam
827 3187 1040 3244 seriem
1070 3187 1252 3242 trium
1283 3186 1626 3255 Poetarum,
1658 3207 1911 3262 quorum

157 3289 311 3340 esset
353 3284 598 3359 quisque
649 3285 711 3339 in
762 3303 866 3340 suo
916 3301 1132 3359 genere
1183 3301 1303 3339 non
1351 3284 1530 3340 modo
1581 3285 1909 3359 primarius,

157 3397 361 3438 verum
404 3381 584 3438 etiam
628 3379 980 3455 exemplaris
1024 3378 1186 3436 loco:
1237 3377 1573 3436 Homerum
1617 3379 1908 3456 intelligo,

771 3588 795 3618 g
816 3581 914 3623 Act.
937 3580 1089 3637 Apost.
1120 3595 1188 3635 14.
1215 3592 1283 3640 17.
