2288 4036
146 293 299 327 PRAEL.
320 290 447 323 XXX.
534 270 700 322 Attici
722 276 916 331 vetere&
942 269 1083 320 ruris
1108 268 1461 320 amantissimi.
1777 267 1884 322 617

145 428 377 499 paratus
408 418 804 476 delicatissimi
849 416 1083 492 anguli:
1130 416 1238 472 nisi
1278 422 1345 472 ut
1389 415 1649 472 animum
1692 414 1883 471 decla-

145 522 274 574 rent
304 515 452 570 veris
483 513 640 569 beati
671 518 732 568 et
761 530 1009 586 gnarum
1040 519 1100 567 et
1130 512 1365 586 penitus
1393 509 1732 567 amantem?

228 610 422 678 Quare
452 607 511 664 id
541 608 779 682 quidem
823 607 1064 664 missum
1096 607 1412 673 faciamus3
1456 605 1756 662 videamus
1786 624 1888 662 au-

145 713 282 772 tem,
328 704 537 778 ecquid
589 704 663 760 sit
713 703 872 759 aliud
923 703 985 758 in
1031 721 1222 769 causa,
1270 721 1376 759 cur
1425 708 1621 758 careat
1671 703 1886 777 agresti

145 801 324 859 Musa
367 799 572 856 Graeca
616 798 952 872 antiquitas.
1051 797 1210 864 Quid
1257 798 1304 853 si
1352 797 1558 862 dicam,
1606 796 1700 853 vel
1753 797 1886 853 ideo

145 895 394 951 defuisse
429 893 703 959 carmina,
734 893 889 966 quod
920 893 1066 949 adeo
1097 892 1475 948 abundabant
1507 892 1729 949 deliciae
1759 911 1887 966 quae

144 988 529 1048 canerentur?
618 986 936 1055 Nimirum,
984 997 1051 1044 ut
1103 994 1242 1045 ante
1291 1008 1410 1045 non
1460 987 1642 1045 semel
1695 988 1885 1056 docui,

143 1106 258 1143 non
301 1085 446 1142 alius
490 1085 601 1140 erit
643 1084 878 1140 uberior
920 1083 1050 1140 fons
1081 1083 1351 1151 PoeseOS,
1384 1103 1560 1158 quam
1604 1084 1783 1159 siquis
1825 1084 1886 1140 in

142 1199 265 1237 rem
313 1178 617 1236 absentem
666 1178 953 1234 desiderio
1002 1179 1257 1253 quodam
1309 1178 1600 1235 indefesso
1647 1179 1885 1240 feratur.

140 1275 275 1332 Jam
315 1281 514 1331 autem
545 1274 746 1330 eximii
779 1274 899 1339 viri,
932 1274 1144 1348 quibus
1178 1280 1318 1330 aetas
1361 1273 1463 1330 illa
1492 1274 1730 1330 Graeciae
1760 1274 1888 1330 viX-

142 1371 282 1426 dum
333 1376 565 1427 matura
614 1369 820 1444 viguit,
873 1369 1220 1426 fruebantur
1276 1369 1488 1445 singuli
1547 1368 1888 1426 fluminibus

111 1467 258 1524 'suis
295 1465 617 1542 sylvisque:
667 1464 966 1521 Homerus
996 1484 1131 1521 cum
1162 1464 1387 1522 cithara
1429 1465 1776 1541 peragrabat
1819 1465 1889 1521 li-

141 1568 268 1619 tora
305 1569 365 1618 et
409 1559 658 1617 insulas:
706 1559 998 1635 Delphico
1029 1561 1160 1617 Deo
1195 1561 1551 1619 inserviebat
1583 1560 1887 1628 PindarUS,

140 1658 292 1715 inter
332 1675 573 1713 nemora
608 1663 670 1712 et
707 1663 875 1712 antra
905 1663 966 1713 et
996 1656 1189 1714 fontes
1219 1657 1327 1713 sub
1357 1657 1551 1714 radice
1581 1656 1886 1714 Parnassi:

141 1758 257 1809 tres
285 1752 571 1827 Tragoedi,
602 1752 754 1808 sicut
784 1758 844 1807 et
875 1752 1071 1808 caeteri
1104 1752 1276 1817 cives,
1307 1759 1482 1825 prout
1512 1758 1638 1808 erat
1674 1751 1888 1825 cuique

141 1847 336 1914 libido,
356 1846 566 1904 Attica
588 1866 692 1904 sua
706 1846 1136 1922 jucundissima
1157 1847 1271 1902 frui
1293 1854 1584 1921 poterant.
1646 1846 1887 1914 Quanto

141 1949 337 2000 autem
368 1942 563 1999 studio
594 1941 842 1998 coluerit
870 1960 1014 2017 gens
1050 1941 1164 1998 ista
1198 1940 1418 2008 hortOS‚
1448 1942 1677 2015 praedia,
1708 1961 1889 1999 3111013-

80 2037 84 2043 “
141 2056 242 2094 nas
291 2037 560 2094 villarum
611 2038 882 2105 latebraS,
935 2038 1103 2095 testis
1154 2038 1265 2094 erit
1318 2038 1478 2094 omni
1536 2039 1888 2112 exceptione

140 2135 337 2209 major,
366 2134 769 2211 Thucydides3
815 2135 913 2210 qui
946 2134 1174 2192 Pericle
1209 2141 1475 2210 praetore,
1506 2135 1615 2191 sub
1645 2135 1886 2192 infausti

140 2229 278 2287 belli
307 2230 494 2298 initio,
526 2250 658 2287 cum
701 2232 955 2305 primum
998 2237 1230 2287 teneret
1260 2229 1531 2287 Atticam
1564 2229 1886 2305 Spartanus

141 2326 447 2392 exercitus,
499 2346 617 2383 non
668 2325 783 2382 alia
832 2326 1019 2402 magis
1069 2344 1131 2381 re
1184 2332 1513 2382 commotos
1563 2344 1691 2382 esse
1742 2326 1886 2383 dicit

140 2420 361 2477 animos
405 2440 659 2486 suorum,
691 2440 863 2495 quam
897 2422 1054 2496 quod
1085 2421 1436 2478 arcebantur
1473 2440 1508 2478 a
1546 2422 1702 2478 notis
1732 2423 1888 2496 quis-

141 2533 252 2589 que
295 2514 499 2591 agellis
517 2523 556 2571 ⁰.
621 2514 920 2584 Χαλεπῶς,
947 2517 1158 2590 inquit,
1187 2515 1391 2582 αὐτοῖς,
1423 2513 1509 2571 διὰ
1553 2514 1623 2573 τό
1659 2515 1738 2572 ἀεὶ
1776 2518 1888 2572 εἵω-

141 2608 281 2666 θέναι
311 2609 436 2670 τοὺς
470 2610 716 2672 πολλοὺς·
745 2612 796 2667 ἐν
825 2618 945 2671 τοῖς
975 2611 1169 2688 ἀγροῖς
1209 2609 1545 2677 διαιτᾶσθαι,
1578 2614 1607 2676 ἦ
1638 2609 1883 2668 ἀνάστα-

140 2728 222 2765 σις
250 2704 523 2779 ἐγίγνετο.
563 2703 902 2781 ξυνεβεβήκει
935 2704 991 2761 δὲ
1013 2703 1125 2761 ἀπὸ
1148 2711 1250 2762 τοῦ
1277 2703 1415 2762 πάνυ
1438 2706 1671 2784 ἀρχαίου
1692 2706 1887 2784 ἑτέρων

137 2801 355 2863 μᾶλλον
378 2799 686 2867 Ἀθηναίοις
714 2806 885 2858 τοῦτο
998 2802 1050 2856 ἐν
1077 2809 1195 2862 τοῖς
1224 2801 1420 2879 ἀγροῖς
1530 2800 1695 2879 μεχρὶ
1725 2798 1886 2857 τοῦδε

138 2899 239 2949 τοῦ
279 2896 527 2963 πολέμου
568 2897 890 2970 πανοικησίᾳ
929 2896 1209 2971 ’γενόμενοί
1242 2923 1306 2954 τε
1339 2897 1424 2953 καὶ
1463 2899 1793 2964 οἰκήσαντες,
1823 2896 1884 2952 οὗ

136 2988 324 3065 ῥᾳδίως
366 2990 466 3072 τᾲς
507 2990 946 3059 μεταναστάσεις
990 2993 1274 3049 ἐποιοῦντο
1310 3037 1322 3048 .
1357 3038 1370 3049 .
1403 3036 1415 3048 .
1451 2992 1781 3070 ἐβαρύνοντο
1827 2991 1884 3048 δὲ

138 3085 222 3141 καὶ
267 3092 521 3164 χαλεπῶς
554 3089 773 3167 ἔφερον,
805 3085 972 3149 οἵκιοῖς
1006 3114 1072 3144 τε
1113 3087 1533 3155 καταλιπόντες,
1563 3087 1649 3143 καὶ
1679 3085 1816 3166 ἱερὰ,
1845 3088 1879 3143 ἃ

140 3177 224 3236 διὰ
262 3181 470 3244 παντὸς
498 3184 557 3249 ἦν
587 3184 771 3245 αὐτοῖς
810 3183 866 3239 ἐκ
902 3189 999 3249 τῆς
1037 3180 1180 3240 κατὰ
1218 3180 1288 3238 τὸ
1328 3182 1563 3261 ἀρχαῖον
1599 3183 1883 3243 πολιτείας

139 3272 365 3354 πάτρια·
425 3276 635 3336 δίαιτάν
679 3304 744 3335 τε
797 3279 1097 3346 μέλλοντες
1145 3275 1544 3349 μεταβάλλειν,
1594 3278 1679 3334 καὶ
1737 3276 1882 3334 οὐδὲν

139 3368 283 3427 ἆλλό
313 3372 341 3438 ἢ
369 3374 534 3432 πόλιν
560 3375 657 3442 τὴν
687 3375 852 3431 αὐτοῦ
881 3374 1196 3431 ἀπολείπων
1225 3374 1473 3436 ἕκαστος.

710 3581 727 3603 c
759 3575 961 3634 Thucyd.
986 3589 1026 3620 2.
1054 3589 1121 3631 14,
1147 3586 1214 3632 15,
1241 3574 1308 3619 16.
