2288 4036
222 179 379 215 PRAEL.
400 176 530 214 xxn.
594 161 887 231 praesertim
912 158 1002 212 ubi
1023 159 1086 212 de
1111 159 1247 211 diris
1269 157 1444 228 ayitur
1465 158 1641 227 epulis.
1867 160 1967 210 421

221 301 291 361 iis
315 303 516 361 formae
545 298 757 360 odiosae
786 297 934 360 adeo
964 321 1032 361 ac
1063 299 1353 360 terribiles
1384 300 1511 359 visu
1529 308 1592 357 ὃς

869 435 1046 496 ἄπτεροι
1064 437 1200 496 γεμὴν
1220 436 1326 482 ἰδεῖν

571 508 709 561 αὗται,
729 504 927 566 μέλαιναι
948 508 984 553 δ’
1008 510 1051 555 ἐς
1072 511 1120 554 τὸ
1142 512 1227 554 πᾶν
1245 509 1577 566 βδελύκτροποι·

570 576 777 641 ῥέγκουσι
798 582 834 626 δ’
857 582 908 625 οὐ
928 583 1171 627 πλαστοῖσι
1191 581 1480 640 φυσιάμασιν,

572 654 617 698 ἐκ
640 653 676 698 δ’
699 653 897 711 ὀμμάτων
916 650 1120 708 λείβουσι
1142 652 1340 713 δυσφιλῆ
1360 655 1475 708 βίαν.

305 773 399 835 Ex
430 773 792 853 Choe‘phoris
829 796 1061 854 quoque
1104 778 1376 835 novimus
1419 775 1731 836 accessisse
1772 791 1979 852 pervae

217 883 422 952 gatum
454 874 600 932 illud
632 876 706 932 de
736 876 894 932 crine
926 877 1160 951 vipereo
1180 872 1242 932 h:

573 995 868 1054 φαιωχίτωνες
888 996 956 1039 καὶ
975 995 1371 1053 πεπλεκτανημέναι

570 1070 744 1114 πυκνοῖς
764 1068 1010 1125 δρακοῦσιν.

221 1172 397 1242 Quod
431 1172 589 1229 idem
626 1171 735 1229 hac
769 1171 831 1228 in
860 1166 1169 1249 Tragoedia
1199 1168 1434 1229 videtur
1472 1166 1731 1228 indicare
1775 1166 1978 1229 minax

221 1267 517 1345 Apollinis
547 1286 738 1325 sermo
756 1263 804 1325 i:

570 1396 628 1454 μὴ
651 1397 720 1441 καὶ
738 1399 943 1450 λαβοῦσα
962 1399 1122 1454 πτηνὸν
1142 1392 1364 1456 ἇργῆστην
1385 1393 1503 1457 ὅφιν,

570 1465 851 1528 χρυσηλάτου
871 1465 1088 1529 θώμιγγος
1109 1470 1422 1529 ἐξορμωμένην,

571 1542 672 1599 ἅνης
692 1542 761 1586 ὑπ’
783 1542 946 1602 ἄλγους
963 1542 1117 1601 μελάν’
1132 1542 1202 1587 ἀπ’
1225 1543 1461 1601 ἀνθρώπων
1480 1543 1639 1601 ἄφρον.

301 1650 437 1709 Hoc
487 1652 549 1708 in
598 1651 730 1710 loco
781 1654 1046 1729 tangitur
1095 1654 1255 1712 haud
1306 1655 1554 1712 obscure
1606 1654 1772 1723 illud,
1821 1649 1979 1729 quod

220 1747 428 1805 multis
467 1747 711 1806 fortasse
755 1749 967 1807 foedius
1012 1757 1182 1807 sonat
1222 1758 1284 1808 et
1328 1751 1626 1828 indignius
1657 1766 1835 1826 quam
1874 1768 1979 1824 pro

219 1844 557 1920 incorrupta
594 1843 709 1902 Dei
740 1838 1015 1903 Vindicis
1058 1848 1390 1922 majestate,
1439 1848 1765 1923 peccatoris
1816 1847 1977 1903 vide-

220 1939 361 1997 licet
388 1942 569 1998 etiam
599 1942 850 1999 viventis
882 1943 1230 2020 sanguinem
1274 1944 1584 2002 infandum
1628 1945 1690 2001 in
1732 1944 1978 2001 modum

219 2036 436 2094 hauriri
467 2057 502 2095 a
532 2036 931 2107 DaemonibUS,
963 2040 1089 2098 sine
1119 2060 1309 2110 sensu,
1342 2043 1466 2100 sine
1498 2043 1750 2118 strepitu
1769 2038 1831 2099 k:

709 2158 949 2203 ἀντιδοῦναι
970 2158 1036 2203 δεῖ
1056 2159 1114 2212 σ’,
1137 2160 1222 2204 ἀπὸ
1245 2160 1399 2216 ζῶντος
1418 2156 1575 2220 ῥοφεῖν

570 2227 750 2288 ἕρυθρον
771 2231 817 2274 ε’κ’
836 2231 1001 2288 μελέων
1020 2231 1222 2276 πέλανον·
1256 2233 1341 2277 ἀπὸ
1363 2233 1414 2277 δέ
1431 2252 1514 2278 σου

569 2303 740 2354 βοσκὰν
761 2303 975 2360 φεροίμαν
994 2305 1188 2360 πόματος
1208 2305 1443 2349 δυσπότου·

571 2376 640 2418 καὶ
661 2377 795 2430 ζῶντα
815 2375 858 2420 σ’
881 2375 1107 2434 ι’σχνάνασ’
1129 2375 1346 2435 ἀπάξομαι
1366 2375 1491 2422 κάτω.

304 2481 631 2542 Excusabit
668 2485 912 2543 fortasse
955 2505 1254 2544 nonnemo
1292 2486 1453 2562 vulgi
1500 2485 1856 2543 sententiam
1902 2484 1976 2541 de

218 2581 514 2639 atrocibus
560 2582 848 2656 ejusmodi
896 2582 1117 2650 GeniiS,
1165 2602 1342 2657 quam
1392 2583 1597 2639 multis
1645 2583 1974 2638 etiamnum

218 2676 554 2752 regionibus
583 2683 832 2743 exstare,
862 2678 1046 2735 immo
1077 2679 1276 2755 vigere
1320 2679 1508 2736 aiunt.
1598 2677 1694 2735 Ac
1729 2677 1974 2733 minime

218 2773 495 2847 equidem
549 2775 906 2850 negaverim,
958 2775 1217 2832 multum
1262 2775 1565 2844 interesse,
1613 2794 1689 2832 ex
1733 2773 1975 2832 modulo

216 2888 509 2946 germanae
567 2870 836 2937 PoeseOS‚
896 2879 1098 2929 utrum
1165 2872 1481 2948 protulerit
1540 2889 1646 2930 sua
1703 2871 1832 2946 quis
1889 2872 1977 2927 in-

219 2966 461 3033 somnia,
505 2985 580 3022 an
622 2966 933 3043 populares
983 2969 1181 3044 potius
1232 2968 1476 3036 fabulas,
1521 2969 1758 3024 terroris
1802 2985 1976 3023 causa

219 3059 314 3116 vel
375 3063 589 3138 magici
648 3063 743 3119 vel
805 3063 1078 3140 religiosi.
1190 3062 1318 3123 Vix
1376 3065 1535 3121 enim
1594 3064 1716 3121 veri
1785 3062 1977 3120 simile

218 3157 469 3226 videtur,
499 3161 801 3236 pervagari
845 3167 973 3218 tota
1015 3168 1197 3237 gente
1241 3162 1639 3238 prodigiosam
1676 3179 1819 3227 rem,
1863 3156 1974 3216 nisi

215 3272 345 3327 quae
374 3255 611 3331 propius
641 3257 1074 3332 quodammodo
1104 3258 1414 3316 interiores
1443 3259 1814 3332 verioresque
1845 3275 1976 3313 sen-

274 3473 301 3504 ἕ
330 3466 458 3511 Eum.
480 3478 553 3524 51·
674 3467 692 3492 ¹¹
729 3468 914 3526 ΟΙιοὲΡΙι.
943 3482 1070 3527 1049.
1199 3468 1211 3499 ἱ
1243 3470 1371 3515 Eum.
1399 3470 1495 3513 181⁴
1618 3469 1641 3499 ¹<
1673 3469 1780 3512 Ibid.
1811 3467 1911 3522 264.
