2288 4036
263 222 372 280 '716
688 224 900 294 Respici
924 243 959 276 a
993 224 1214 295 Viryilio
1240 224 1581 277 Lucretiana.
1695 243 2059 278 PRAEL.xxxvl.

261 369 578 444 putatione
609 369 684 426 de
716 376 990 426 veterum
1017 367 1225 438 Poesi;
1267 370 1468 427 nescio
1500 370 1781 446 equidem
1812 391 1888 429 an
1919 375 2062 430 satis

262 466 557 524 feliciter:
608 465 756 523 illud
813 473 978 524 certe
1031 467 1235 524 videre
1287 467 1437 524 mihi
1489 469 1708 537 videor,
1755 471 2063 546 aptissime

261 566 554 641 quadrare
591 565 666 621 ad
711 583 854 622 usus
899 571 1083 640 atque
1129 566 1202 622 ad
1251 566 1547 624 desideria
1588 566 1924 635 hominum,
1956 587 2062 626 suo

261 656 394 722 loco
440 684 510 721 ac
557 670 850 740 tempore,
889 663 1125 740 singula
1171 663 1433 722 Poeseos
1477 685 1732 742 genera:
1781 665 2065 725 Homeri-

261 782 399 820 cum
423 761 723 829 videlicet,
747 761 1154 829 Pindaricum,
1175 762 1584 839 AEschyleum,
1603 763 2062 822 Lucretianum:

261 861 442 918 modo
488 879 565 917 ne
611 879 719 917 nos
751 861 997 917 omnino
1028 860 1313 918 fefellerit
1359 863 1598 938 propria
1641 863 1931 939 cujusque
1976 864 2066 920 in-

260 959 428 1017 doles
460 966 523 1016 et
556 978 793 1036 sumnia
824 959 995 1016 ratio.

347 1058 552 1127 Quare
597 1058 660 1114 in
706 1057 798 1115 his
837 1077 1079 1134 quoque
1112 1057 1467 1135 Virgilianis
1512 1060 1888 1136 pergendum
1932 1060 2064 1128 erit,

260 1157 488 1233 opinor,
523 1158 737 1214 eodem
778 1156 1030 1214 itinere:
1081 1158 1417 1233 praesertim
1464 1177 1603 1215 cum
1645 1176 1768 1214 11011
1813 1157 2066 1217 obscure

261 1254 533 1332 Scriptor
569 1256 697 1332 ipse
729 1255 1044 1332 significet,
1078 1256 1375 1339 respicere
1406 1275 1470 1313 se
1503 1255 1859 1313 Lucretium
1900 1257 2065 1313 omni

259 1360 554 1431 tempore,
601 1354 689 1411 ita
734 1360 958 1421 tamen,
1006 1360 1076 1410 ut
1122 1373 1320 1430 neque
1369 1355 1593 1411 imitari
1639 1374 1780 1411 eum
1826 1356 2063 1421 audeat,

259 1472 458 1529 neque
503 1472 567 1510 se
613 1452 885 1510 laborare
936 1451 1240 1530 intelligat
1285 1452 1348 1509 in
1391 1453 1600 1510 eadem
1648 1471 1888 1528 prorsus
1933 1473 2067 1529 pro-

260 1552 474 1610 vincia.
564 1549 776 1627 Atque
831 1549 972 1608 huic
1024 1558 1384 1628 argumento
1431 1550 1526 1608 vel
1572 1570 1763 1608 unum
1810 1550 2066 1610 sufficiat

261 1667 504 1707 carmen
538 1648 669 1724 jam
716 1655 858 1706 ante
904 1667 940 1705 a
982 1648 1157 1706 nobis
1201 1649 1620 1725 praedicatum,
1653 1649 1765 1706 sub
1811 1648 1931 1727 fine
1977 1667 2068 1706 se-

261 1749 444 1807 cundi
505 1748 640 1806 libri
693 1746 1171 1825 Georgicorum:
1241 1768 1360 1824 quo
1422 1768 1485 1807 se
1544 1749 1863 1825 profitetur
1910 1747 2066 1804 velle

262 1854 405 1903 ante
459 1845 661 1902 omnia
713 1843 914 1901 Musis
966 1846 1396 1915 commendari,
1451 1846 1792 1903 docendum
1852 1862 2067 1901 arcana

265 1943 606 2001 Naturaea:

508 2066 726 2110 Defectus
751 2065 870 2110 Solis
891 2066 1055 2119 varios,
1080 2067 1316 2126 Lunaeque
1336 2066 1527 2119 labores,

509 2138 649 2183 Unde
669 2147 840 2183 tremor
860 2140 1006 2192 terris,
1030 2155 1119 2198 qua
1138 2140 1184 2184 vi
1204 2140 1347 2183 maria
1367 2140 1456 2183 alta
1477 2146 1733 2183 tumescant

508 2213 749 2271 Objicibus
771 2213 934 2271 ruptis,
958 2228 1209 2271 rursusque
1230 2213 1279 2256 in
1301 2227 1348 2256 se
1368 2212 1468 2269 ipsa
1489 2212 1715 2265 residant;

509 2285 635 2334 Quid
656 2294 836 2331 tantum
860 2285 1045 2331 Oceano
1067 2292 1309 2343 properent
1331 2300 1379 2329 se
1400 2286 1573 2344 tingere
1597 2284 1725 2329 Soles

509 2359 720 2418 Hyberni
732 2378 746 2412 ;
780 2359 852 2404 vel
873 2374 975 2418 quae
997 2358 1138 2403 tardis
1161 2374 1290 2403 mora
1309 2359 1522 2404 noctibus
1544 2359 1708 2403 obstet.

352 2465 501 2524 Post
532 2464 737 2542 paullo
769 2472 802 2496 “
822 2464 1062 2522 felicem
1076 2465 1105 2487 ”
1137 2462 1420 2540 appellat,

632 2579 727 2629 Qui
747 2580 895 2638 potuit
917 2595 1067 2624 rerum
1093 2594 1366 2638 cognoscere
1389 2594 1563 2632 causas,

507 2655 660 2713 Atque
680 2660 831 2698 metus
853 2669 1012 2698 omnes
1035 2661 1079 2698 et
1098 2653 1372 2698 inexorabile
1394 2653 1540 2697 fatum

510 2727 714 2787 Subjecit
733 2726 942 2785 pedibus,
967 2728 1299 2786 strepitumque
1319 2726 1592 2771 Acherontis
1614 2727 1750 2771 avari.

268 2833 530 2891 Habetis
573 2831 967 2889 manifestum
1010 2830 1293 2907 Epicurei
1336 2829 1489 2887 vatis
1533 2830 1936 2906 praeconium3
1993 2831 2069 2888 de

266 2933 395 3008 ipso
449 2930 713 3007 Epicuro
763 2929 907 3005 quid
962 2929 1234 2996 senserit,
1287 2929 1536 3004 ejusque
1590 2928 1879 2996 doctrina,
1933 2927 2070 2985 reli-

266 3031 418 3106 quit,
449 3030 511 3086 ni
542 3027 733 3096 fallor,
765 3029 829 3084 in
860 3027 1164 3104 ambiguo.
1259 3025 1481 3102 Neque
1526 3025 1643 3083 alia
1679 3026 1932 3084 fortasse
1977 3033 2070 3083 est

266 3129 420 3186 ratio
452 3126 768 3185 cantilenae
799 3126 972 3183 istius
1006 3124 1195 3183 Sileni
1215 3121 1278 3181 b:

815 3247 898 3292 Uti
919 3262 1143 3304 magnum
1163 3261 1244 3304 per
1264 3246 1398 3290 inane
1421 3252 1574 3289 coacta

511 3321 695 3365 Semina
714 3328 1027 3379 terrarumque
1050 3321 1304 3378 animaeque
1326 3318 1555 3377 marisque
1575 3317 1782 3370 fuissent,

509 3397 570 3441 Et
589 3396 752 3455 liquidi
773 3396 912 3440 simul
932 3395 1052 3454 ignis
1070 3412 1080 3439 ι
1114 3401 1167 3438 ut
1188 3393 1260 3438 his
1283 3391 1466 3437 exordia
1486 3391 1645 3450 primis
1738 3394 1741 3396 ’

511 3469 694 3521 01111113,
718 3475 762 3512 et
783 3468 870 3525 ipsi
890 3475 1018 3512 tener
1038 3466 1202 3511 mundi
1224 3465 1502 3510 concreverit
1523 3463 1663 3508 orbis.

387 3639 411 3663 ²²
437 3632 595 3688 Georq.
622 3645 663 3675 2.
687 3631 788 3689 478.
1510 3627 1534 3658 b
1556 3627 1658 3670 Ecl.
1683 3624 1726 3668 6.
1751 3638 1823 3681 31.
