2288 4036
189 286 343 320 PRAEL.
366 284 553 318 xxxm.
611 267 758 336 quasi
784 267 1081 318 Atomorum
1106 265 1504 317 concurrentium
1525 267 1696 334 specie.
1826 266 1932 323 675

282 407 547 466 Fuerunt
590 409 690 482 qui
740 413 1018 483 putarent
1068 406 1191 463 haec
1240 407 1313 463 de
1359 404 1758 480 Aristophane
1809 425 1932 464 esse

191 511 438 578 sumpta,
471 504 569 578 qui
613 503 765 560 ludit
803 503 1018 560 alicubi
1047 503 1421 560 festivissime
1465 502 1525 557 in
1569 501 1770 559 formis
1803 502 1934 560 Nu-

189 600 352 657 bium
371 596 415 656 ¹³.

332 691 410 747 ἤδη
430 691 524 734 ποτ’
547 691 803 749 ἀναβλέψας
823 689 930 736 εἶδες
951 690 1142 749 νεφέλην
1164 690 1388 748 Κενταύρῳ
1409 691 1570 746 ὁμοίαν,

331 762 356 818 ἢ
377 763 601 821 παρδάλει,
623 761 647 818 ἢ
669 761 800 821 λύκῳ,
822 761 846 818 ἢ
868 761 1036 822 ταύρῳ,
1068 762 1134 818 Νὴ
1156 761 1220 804 Δί’
1242 761 1384 820 ἔγωγ’.
1417 759 1508 806 εἶτα
1527 762 1569 805 τὶ
1589 765 1716 806 τοῦτο
1728 780 1742 814 ;

332 834 524 879 Γίνονται
543 833 666 879 πάνθ’
689 833 728 886 ὅ,
751 852 792 879 τι
813 831 865 877 ἂν
882 832 1140 886 βούλωνται·
1173 832 1249 877 κᾶν
1267 833 1345 890 μὲν
1364 832 1492 878 ἴδωσι
1513 832 1697 890 κομήτην

331 906 482 964 ἄγριόν
498 924 591 950 τινα
610 910 694 950 τῶν
713 905 881 950 λασίων
900 904 1075 957 τούτων,
1099 903 1271 963 οἷόνπερ
1292 906 1367 950 τὸν
1387 905 1677 963 Ξενοφάντου,

333 980 612 1023 σκώπτουσαι
632 977 708 1034 τὴν
726 977 878 1034 μανίαν
898 977 1044 1028 αὐτοῦ,
1068 976 1323 1035 Κενταύροις
1344 976 1520 1022 εἴκασαν
1540 978 1683 1024 αὑτάς.

331 1053 382 1096 Τί
400 1054 484 1111 γὰρ
507 1053 558 1097 ἂν
578 1053 750 1110 ἅρπαγα
770 1055 854 1096 τῶν
875 1052 1094 1108 δημοσίων
1112 1051 1318 1096 κατίδωσι
1338 1052 1519 1109 Σίμωνα,
1541 1052 1583 1095 τί
1603 1053 1791 1111 δρῶσιν;

330 1124 676 1184 Ἀποφαίνουσαι
696 1124 772 1181 τὴν
791 1122 930 1182 φύσιν
951 1124 1095 1176 αὐτοῦ,
1115 1123 1237 1168 λύκοι
1259 1124 1464 1182 ἐξαίφνης
1485 1124 1694 1182 ἐγένοντο.

187 1205 347 1263 Mihi
376 1226 513 1264 vero
553 1207 738 1282 magis
779 1205 1059 1263 credibile
1089 1213 1197 1271 est,
1227 1212 1547 1280 utrumque
1592 1207 1938 1281 scriptorem

185 1304 299 1360 ista
346 1302 606 1359 hausisse
656 1320 732 1358 ex
787 1301 988 1358 nativa
1038 1308 1100 1357 et
1149 1301 1385 1376 propria
1437 1319 1599 1361 vena.
1697 1301 1939 1358 Etenim

187 1397 390 1473 quidni
408 1398 763 1472 judicemus,
792 1403 1131 1471 utrumque,
1164 1415 1280 1472 qua
1310 1403 1436 1454 erat
1466 1396 1776 1472 elegantia,
1806 1396 1940 1452 soli-

188 1493 331 1551 tum'
353 1494 531 1551 fuisse
568 1494 781 1568 saepius
823 1491 1214 1568 contemplari
1254 1492 1539 1549 miracula
1575 1492 1700 1549 haec
1740 1491 1940 1549 laben-

186 1592 339 1647 tium
368 1590 632 1656 nubium‚
664 1590 786 1646 sive
818 1588 1133 1665 tranquillo
1164 1607 1269 1646 seu
1299 1595 1599 1645 commoto
1630 1587 1817 1646 caelo?

270 1685 497 1744 Verum
527 1685 650 1743 haec
679 1686 855 1743 missa
884 1685 1052 1742 facio.
1141 1684 1301 1741 Illud
1332 1685 1713 1742 consideretis
1743 1683 1938 1752 velim,

186 1801 260 1839 an
290 1788 607 1858 cognatum
648 1781 885 1856 aliquod
924 1781 1197 1838 habuerit
1227 1780 1450 1855 species
1479 1779 1610 1837 haec
1639 1779 1941 1837 mutabilis

187 1885 249 1934 et
293 1896 467 1934 scena
509 1877 776 1945 nubium,
808 1896 945 1934 cum
977 1877 1269 1953 Epicurea
1313 1877 1387 1933 de
1432 1875 1774 1933 Simulacris
1818 1878 1941 1952 opi-

187 1976 394 2042 nione;
454 1973 724 2030 similiter
773 1974 958 2030 ferme
1004 1980 1184 2048 atque
1229 1972 1599 2030 intuentibus
1649 1973 1941 2047 profunda

187 2071 417 2128 aetheris
461 2079 522 2127 et
566 2069 790 2128 Oceani
840 2089 1070 2145 aequora
1119 2075 1353 2145 poterat
1395 2069 1695 2126 interdum
1739 2069 1940 2126 venire

187 2168 248 2223 in
304 2173 568 2224 mentem
614 2167 762 2223 vasti
820 2165 976 2221 illius
1027 2173 1089 2222 et
1134 2164 1593 2243 infinitinInanis
1638 2165 1936 2240 cogitatio.

190 2262 418 2320 Mirum
460 2264 676 2337 itaque,
718 2263 778 2318 ni
822 2269 1134 2336 utramque
1181 2262 1490 2319 materiem
1534 2261 1773 2337 arripiat
1824 2268 1939 2318 sta-

187 2360 297 2416 tim
330 2359 656 2426 Lucretius,
686 2358 1019 2433 habeatque
1062 2359 1123 2415 in
1153 2358 1395 2426 deliciis,
1431 2357 1682 2415 Naturae
1722 2357 1941 2432 pariter

152 2472 159 2479 ·
190 2461 252 2511 et
282 2454 539 2529 Epicuro
570 2454 821 2511 deditus.

282 2547 401 2606 Sed
451 2548 620 2606 initio
669 2550 823 2606 sexti
879 2548 1012 2606 libri
1071 2550 1392 2624 impensius
1444 2548 1703 2605 declarat
1751 2548 1940 2607 Poeta

190 2663 362 2702 suum
391 2645 669 2712 studium,
700 2652 769 2701 ut
799 2645 897 2719 qui
927 2664 1045 2701 non
1074 2645 1356 2702 mediocri
1386 2653 1517 2701 tum
1547 2645 1778 2702 aurium
1807 2651 1939 2702 tum

189 2741 369 2797 animi
413 2760 645 2816 quoque
680 2740 879 2798 labore
923 2747 984 2797 et
1033 2759 1209 2815 opera
1253 2741 1441 2797 varios
1485 2741 1758 2798 didicerit
1803 2760 1942 2798 con-

190 2837 550 2893 currentium
607 2837 942 2894 nimborum
995 2838 1255 2904 sonitus3
1313 2836 1496 2893 immo
1553 2855 1659 2911 pro
1709 2843 1941 2893 mutata

189 2932 432 2989 nubium
479 2933 683 3000 forma,
719 2940 1023 3007 motuque,
1062 2933 1287 2990 sonitus
1323 2934 1606 3008 cujusque
1649 2933 1941 2990 rationem

188 3028 482 3103 quandam
518 3029 855 3086 reddiderit.
945 3029 1079 3097 Quo
1111 3029 1172 3084 in
1202 3035 1552 3105 argumento
1583 3047 1755 3086 suum
1792 3028 1941 3086 illud

189 3142 312 3198 prae
355 3124 578 3182 caeteris
622 3130 788 3181 tenet
827 3124 1160 3191 LucretiUS,
1206 3126 1362 3200 quod
1408 3125 1794 3183 similitudine
1838 3125 1943 3182 ali·

190 3237 307 3293 qua
336 3219 409 3275 de
438 3219 623 3276 triviis
654 3221 849 3287 ducta,
879 3239 1006 3276 rem
1043 3239 1520 3297 unamquamque
1559 3223 1646 3279 ita
1685 3222 1759 3279 de
1800 3221 1941 3279 caelo

191 3314 447 3381 deducit,
478 3314 830 3390 planamque
861 3315 1021 3382 facit,
1053 3321 1122 3371 ut
1152 3315 1299 3372 nihil
1330 3322 1531 3372 tamen
1570 3316 1796 3373 humile
1838 3321 1942 3373 aut

191 3408 489 3484 plebeium
518 3410 857 3467 admisceat.
944 3409 1175 3474 Audite
1206 3430 1343 3468 vero
1364 3409 1394 3467 i.

428 3515 550 3559 Dant
571 3516 701 3559 etiam
723 3516 919 3559 sonitum
941 3516 1080 3573 patuli
1102 3531 1235 3574 super
1255 3532 1434 3575 aequora
1453 3517 1626 3569 mundi,

313 3632 337 3663 h
362 3634 475 3678 Nub.
500 3648 600 3692 345.
1113 3703 1148 3754 2
1250 3636 1262 3667 i
1296 3637 1427 3681 Lucr.
1451 3636 1493 3679 6.
1521 3647 1618 3693 107.

970 3717 1010 3753 X
1040 3716 1079 3753 X
