2288 4036
223 182 332 239 764
462 182 660 236 Edicta
687 181 953 252 Epicurea
979 198 1013 232 a
1043 179 1267 248 Viryilio
1293 179 1556 251 abroyari.
1597 198 1758 232 PRAEL.
1788 198 2019 231 xxxvm.

225 329 346 387 Sed
397 330 558 387 enim
613 329 688 386 de
741 327 944 384 medio
995 326 1210 384 horum
1253 346 1546 404 angorum
1590 328 1759 386 fonte
1807 329 2018 406 surgit,

223 429 384 505 quod
404 420 591 505 possit
623 445 752 485 esse
785 425 1034 483 solatio:
1082 444 1216 502 spes
1247 425 1532 483 videlieet
1555 426 1773 484 futurae
1802 427 2017 504 gentiS,

224 536 288 586 et
318 527 456 586 laeta
486 526 592 584 illa
621 533 684 584 et
714 531 996 602 proterva
1026 525 1102 582 de
1131 525 1406 603 generosi
1437 524 1669 601 peeoris
1699 525 1866 602 pullo
1892 522 1921 583 ¹.

465 644 619 688 Altius
639 641 911 702 ingreditur,
935 657 986 687 ac
1006 642 1162 687 mollia
1183 657 1316 687 crura
1335 642 1531 701 reponit,

468 717 652 762 Primus
675 724 719 762 et
739 717 804 762 ire
824 717 961 770 viam,
983 723 1028 761 et
1047 716 1211 761 fluvios
1231 722 1406 761 tentare
1424 716 1624 763 minaces

464 790 633 843 Audet,
655 796 699 834 et
714 790 875 849 ignoto
898 804 995 835 sese
1017 789 1298 834 committere
1318 789 1448 848 ponti
1466 803 1477 830 ε

466 863 565 908 Nec
585 879 728 909 vanos
749 863 904 908 horret
926 863 1157 921 strepitus.

226 959 399 1018 Num
449 961 652 1036 potuit
704 960 1033 1036 quidquam
1086 958 1390 1029 adhibere,
1440 960 1602 1036 quod
1652 959 1869 1018 melius
1926 979 2019 1017 re-

225 1059 548 1135 sponderet
580 1078 658 1117 ex
689 1058 880 1117 altera
908 1064 1079 1135 parte
1109 1057 1410 1117 flebilibus
1442 1065 1505 1116 et
1550 1059 1779 1117 acerbis
1808 1059 2019 1127 modis,

225 1177 406 1235 quam
437 1157 604 1216 lusus
642 1158 781 1234 equi
812 1157 1082 1215 nondum
1114 1157 1405 1216 edomiti?

311 1256 568 1325 Deinde,
610 1257 697 1314 ita
741 1264 883 1314 sunt
923 1256 1056 1316 haee
1097 1256 1300 1314 omnia
1339 1262 1702 1332 comparata,
1740 1261 1811 1312 ut
1850 1273 2020 1331 paene

226 1355 473 1425 diceres,
514 1353 839 1433 Virgilium
871 1353 1146 1413 consult-o
1178 1375 1250 1413 ea
1278 1355 1562 1432 posuisse,
1595 1374 1726 1431 quae
1756 1354 2021 1412 maxime

226 1441 586 1533 abrogarent
622 1454 875 1531 Epicuri
929 1474 999 1512 ae
1042 1454 1312 1513 Lucretii
1360 1455 1576 1524 edicta,
1624 1453 2021 1533 grandissimo

226 1555 372 1612 lieet
402 1554 724 1612 verborum
766 1555 969 1611 sonitu
1002 1553 1253 1632 prolata,
1286 1556 1362 1612 de
1395 1553 1650 1612 Naturae
1690 1553 2022 1630 mundique

227 1652 489 1711 defeetU.
597 1651 711 1711 Ait
769 1652 1055 1711 videlieet
1100 1653 1442 1723 LueretiUS,
1494 1653 1794 1731 Epicurea
1851 1671 2023 1730 repe-

227 1760 361 1811 tens
389 1761 447 1820 ¹1¹,

714 1868 786 1912 Ex
806 1867 918 1926 ipsis
941 1867 1040 1912 caeli
1059 1865 1315 1912 rationibus
1340 1867 1488 1912 ausim

471 1942 769 1996 confirmare,
792 1942 982 2001 aliisque
1003 1957 1057 1986 ex
1079 1941 1216 1987 rebus
1238 1941 1425 1987 reddere
1446 1942 1620 1995 multis,

468 2016 773 2075 Nequaquam
792 2015 927 2060 nobis
950 2015 1168 2060 divinitus
1190 2031 1288 2060 esse
1309 2023 1513 2074 paratam

469 2090 695 2135 Naturam
715 2105 883 2143 rerum,
907 2097 1033 2135 tanta
1054 2097 1142 2136 stat
1164 2089 1354 2149 praedita
1375 2091 1521 2149 culpa.

227 2189 457 2248 Videte
489 2191 723 2260 deinde,
758 2190 905 2268 quid
935 2191 1199 2267 primum
1230 2197 1492 2249 accuset.

469 2306 713 2365 Principio,
737 2313 961 2366 quantum
983 2306 1081 2351 caeli
1102 2306 1214 2365 tegit
1233 2306 1431 2365 impetus
1452 2307 1633 2365 ingens,

468 2380 583 2425 Inde
605 2380 785 2425 avidam
805 2387 981 2439 partem
1001 2387 1198 2434 montes,
1223 2382 1450 2441 sylvaeque
1470 2381 1669 2426 ferarum

467 2454 734 2507 Possedere,
755 2461 912 2499 tenent
933 2470 1087 2513 rupes,
1110 2462 1340 2514 vastaeque
1360 2454 1564 2513 paludes,

467 2528 528 2572 Et
549 2543 689 2581 mare,
713 2527 839 2588 quod
857 2529 948 2572 late
965 2534 1192 2573 terrarum
1213 2527 1399 2573 distinet
1422 2543 1536 2573 oras.

470 2602 584 2647 Inde
607 2602 721 2647 duas
743 2617 879 2661 porro
901 2617 1042 2661 prope
1065 2609 1212 2660 partes
1233 2602 1435 2647 fervidus
1457 2617 1532 2647 aer

468 2674 789 2736 Assiduusque
810 2674 900 2734 geli
922 2689 1055 2719 casus
1076 2674 1346 2719 mortalibus
1369 2673 1529 2719 aufert.

227 2774 343 2832 His
380 2773 541 2850 quod
586 2773 855 2831 remedio
901 2779 1076 2840 esset,
1110 2771 1426 2851 Virgilius,
1469 2778 1538 2829 ut
1570 2771 1847 2838 vidimUS‚
1886 2789 2023 2828 ean-

224 2875 419 2932 tavit:

712 2985 811 3031 Has
833 2987 951 3031 inter
974 2987 1267 3047 mediumque
1289 2986 1407 3031 duae.

224 3084 433 3162 Pergit
476 3083 798 3142 Lueretius
818 3103 830 3142 :

467 3197 607 3247 Quod
629 3204 834 3255 superest
851 3199 960 3251 arvi,
983 3205 1137 3243 tamen
1157 3198 1206 3243 id
1227 3206 1390 3243 natura
1412 3214 1495 3244 sua
1515 3199 1560 3243 vi

468 3270 685 3316 Sentibus
707 3271 921 3325 obdurat,
944 3272 993 3316 ni
1013 3273 1082 3317 vis
1103 3272 1307 3317 humana
1326 3273 1520 3324 resistat,

464 3344 588 3388 Vitai
609 3359 746 3389 causa
767 3344 918 3389 valido
941 3352 1159 3390 consueta
1178 3345 1353 3391 bidenti

467 3417 719 3475 Ingemere,
738 3425 782 3461 et
804 3424 972 3462 terram
994 3419 1162 3477 pressis
1184 3418 1474 3478 proscindere
1496 3418 1670 3462 aratris.
1697 3452 1706 3462 .
1734 3452 1743 3462 .
1770 3452 1779 3461 .

556 3589 570 3620 1
596 3590 754 3647 θεον-9.
779 3603 823 3647 3.
850 3589 921 3647 76.
1305 3597 1333 3615 ¹¹¹
1357 3590 1491 3634 Lucr.
1516 3604 1559 3647 5.
1589 3600 1687 3646 197.
