<?xml version="1.0" encoding="UTF-8"?>
<!DOCTYPE html PUBLIC "-//W3C//DTD XHTML 1.0 Transitional//EN"
    "http://www.w3.org/TR/xhtml1/DTD/xhtml1-transitional.dtd">
<html xmlns="http://www.w3.org/1999/xhtml" xml:lang="en" lang="en">
 <head>
  <title>
</title>
<meta http-equiv="Content-Type" content="text/html;charset=utf-8" />
  <meta name='ocr-system' content='tesseract 3.04.00' />
  <meta name='ocr-capabilities' content='ocr_page ocr_carea ocr_par ocr_line ocrx_word'/>
</head>
<body>
  <div class='ocr_page' id='page_1' title='image "./a588873902kebluoft_0449.png"; bbox 0 0 2288 4036; ppageno 0'>
   <div class='ocr_carea' id='block_1_1' title="bbox 0 943 20 1598">
    <p class='ocr_par' dir='ltr' id='par_1_1' title="bbox 0 943 20 1598">
     <span class='ocr_line' id='line_1_1' title="bbox 0 943 20 1598; baseline 0 2438"><span class='ocrx_word' id='word_1_1' title='bbox 0 943 20 1598; x_wconf 95' lang='lat' dir='ltr'> </span> 
     </span>
    </p>
   </div>
   <div class='ocr_carea' id='block_1_2' title="bbox 958 184 2117 277">
    <p class='ocr_par' dir='ltr' id='par_1_2' title="bbox 958 184 2117 277">
     <span class='ocr_line' id='line_1_2' title="bbox 958 184 2117 277; baseline 0.003 -5"><span class='ocrx_word' id='word_1_2' title='bbox 958 219 1321 272; x_wconf 80' lang='lat' dir='ltr'><strong>INDEX,</strong></span> <span class='ocrx_word' id='word_1_3' title='bbox 1668 184 1676 194; x_wconf 79' lang='grc'><strong>’</strong></span> <span class='ocrx_word' id='word_1_4' title='bbox 2010 224 2117 277; x_wconf 71' lang='grc'>827</span> 
     </span>
    </p>
   </div>
   <div class='ocr_carea' id='block_1_3' title="bbox 200 346 1120 1395">
    <p class='ocr_par' dir='ltr' id='par_1_3' title="bbox 200 346 1110 404">
     <span class='ocr_line' id='line_1_3' title="bbox 200 346 1110 404; baseline -0.007 -10"><span class='ocrx_word' id='word_1_5' title='bbox 200 350 455 394; x_wconf 71' lang='lat' dir='ltr'>Atticis-mas</span> <span class='ocrx_word' id='word_1_6' title='bbox 477 347 708 404; x_wconf 85' lang='lat' dir='ltr'>Sophoclis</span> <span class='ocrx_word' id='word_1_7' title='bbox 732 347 938 398; x_wconf 85' lang='lat' dir='ltr'>mellitus,</span> <span class='ocrx_word' id='word_1_8' title='bbox 961 346 1110 390; x_wconf 87' lang='lat' dir='ltr'><strong>xxviii.</strong></span> 
     </span>
    </p>

    <p class='ocr_par' dir='ltr' id='par_1_4' title="bbox 203 416 1112 578">
     <span class='ocr_line' id='line_1_4' title="bbox 203 416 1112 522; baseline -0.005 -13"><span class='ocrx_word' id='word_1_9' title='bbox 203 416 445 522; x_wconf 45' lang='lat' dir='ltr'>Augzzibus</span> <span class='ocrx_word' id='word_1_10' title='bbox 484 465 623 506; x_wconf 87' lang='lat' dir='ltr'>multa</span> <span class='ocrx_word' id='word_1_11' title='bbox 664 478 766 506; x_wconf 92' lang='lat' dir='ltr'>cum</span> <span class='ocrx_word' id='word_1_12' title='bbox 805 463 950 506; x_wconf 90' lang='lat' dir='ltr'>Poetis</span> <span class='ocrx_word' id='word_1_13' title='bbox 992 477 1112 506; x_wconf 90' lang='lat' dir='ltr'>com-</span> 
     </span>
     <span class='ocr_line' id='line_1_5' title="bbox 260 522 706 578; baseline -0.009 -11"><span class='ocrx_word' id='word_1_14' title='bbox 260 524 426 574; x_wconf 91' lang='lat' dir='ltr'>munia,</span> <span class='ocrx_word' id='word_1_15' title='bbox 449 522 582 565; x_wconf 91' lang='lat' dir='ltr'><strong>xxvii.</strong></span> <span class='ocrx_word' id='word_1_16' title='bbox 606 532 706 578; x_wconf 90' lang='lat'>551.</span> 
     </span>
    </p>

    <p class='ocr_par' dir='ltr' id='par_1_5' title="bbox 202 579 1113 695">
     <span class='ocr_line' id='line_1_6' title="bbox 202 579 1113 638; baseline -0.005 -12"><span class='ocrx_word' id='word_1_17' title='bbox 202 583 419 638; x_wconf 71' lang='lat' dir='ltr'>Auqustus</span> <span class='ocrx_word' id='word_1_18' title='bbox 449 580 636 637; x_wconf 85' lang='lat' dir='ltr'>Virgilio</span> <span class='ocrx_word' id='word_1_19' title='bbox 668 579 859 622; x_wconf 81' lang='lat' dir='ltr'>AEneida</span> <span class='ocrx_word' id='word_1_20' title='bbox 890 594 1113 622; x_wconf 90' lang='lat' dir='ltr'>commen-</span> 
     </span>
     <span class='ocr_line' id='line_1_7' title="bbox 263 638 995 704; baseline -0.005 -20"><span class='ocrx_word' id='word_1_21' title='bbox 263 640 389 690; x_wconf 88' lang='lat' dir='ltr'>dans,</span> <span class='ocrx_word' id='word_1_22' title='bbox 411 638 558 682; x_wconf 89' lang='lat' dir='ltr'><strong>xxxvi.</strong></span> <span class='ocrx_word' id='word_1_23' title='bbox 580 649 678 695; x_wconf 88' lang='lat'><strong>722.</strong></span> <span class='ocrx_word' id='word_1_24' title='bbox 712 638 874 682; x_wconf 85' lang='lat' dir='ltr'><strong>xxxvii.</strong></span> <span class='ocrx_word' id='word_1_25' title='bbox 895 649 995 704; x_wconf 89' lang='lat'><strong>739.</strong></span> 
     </span>
    </p>

    <p class='ocr_par' dir='ltr' id='par_1_6' title="bbox 206 696 1115 811">
     <span class='ocr_line' id='line_1_8' title="bbox 206 696 1115 777; baseline -0.006 -34"><span class='ocrx_word' id='word_1_26' title='bbox 206 700 253 743; x_wconf 89' lang='lat' dir='ltr'>S.</span> <span class='ocrx_word' id='word_1_27' title='bbox 285 698 380 754; x_wconf 72' lang='lat' dir='ltr'>Any</span> <span class='ocrx_word' id='word_1_28' title='bbox 382 698 515 740; x_wconf 84' lang='lat' dir='ltr'>astini</span> <span class='ocrx_word' id='word_1_29' title='bbox 556 696 610 739; x_wconf 88' lang='lat' dir='ltr'>de</span> <span class='ocrx_word' id='word_1_30' title='bbox 643 696 829 753; x_wconf 83' lang='lat' dir='ltr'>Virgilio</span> <span class='ocrx_word' id='word_1_31' title='bbox 869 696 1115 777; x_wconf 84' lang='lat' dir='ltr'>testimoni-</span> 
     </span>
     <span class='ocr_line' id='line_1_9' title="bbox 262 713 556 811; baseline -0.011 -11"><span class='ocrx_word' id='word_1_32' title='bbox 262 772 355 807; x_wconf 91' lang='lat' dir='ltr'>um,</span> <span class='ocrx_word' id='word_1_33' title='bbox 351 713 437 798; x_wconf 59' lang='lat' dir='ltr'><strong>yxl.</strong></span> <span class='ocrx_word' id='word_1_34' title='bbox 455 756 556 811; x_wconf 87' lang='lat'><strong>803.</strong></span> 
     </span>
    </p>

    <p class='ocr_par' dir='ltr' id='par_1_7' title="bbox 203 774 1116 925">
     <span class='ocr_line' id='line_1_10' title="bbox 203 774 1116 880; baseline -0.004 -22"><span class='ocrx_word' id='word_1_35' title='bbox 203 815 466 880; x_wconf 76' lang='lat' dir='ltr'>Aariyarum</span> <span class='ocrx_word' id='word_1_36' title='bbox 496 815 670 870; x_wconf 87' lang='lat' dir='ltr'>elegans</span> <span class='ocrx_word' id='word_1_37' title='bbox 704 818 922 869; x_wconf 89' lang='lat' dir='ltr'>spectator</span> <span class='ocrx_word' id='word_1_38' title='bbox 954 774 1116 855; x_wconf 88' lang='lat' dir='ltr'>Pinda-</span> 
     </span>
     <span class='ocr_line' id='line_1_11' title="bbox 262 872 615 925; baseline -0.006 -9"><span class='ocrx_word' id='word_1_39' title='bbox 262 888 355 924; x_wconf 88' lang='lat' dir='ltr'>rus,</span> <span class='ocrx_word' id='word_1_40' title='bbox 377 872 494 916; x_wconf 88' lang='lat' dir='ltr'><strong>xxiv.</strong></span> <span class='ocrx_word' id='word_1_41' title='bbox 514 873 615 925; x_wconf 88' lang='lat'>481.</span> 
     </span>
    </p>

    <p class='ocr_par' dir='ltr' id='par_1_8' title="bbox 205 929 1119 1092">
     <span class='ocr_line' id='line_1_12' title="bbox 205 929 1117 987; baseline -0.003 -12"><span class='ocrx_word' id='word_1_42' title='bbox 205 932 386 975; x_wconf 84' lang='lat' dir='ltr'>Aaroroe</span> <span class='ocrx_word' id='word_1_43' title='bbox 435 930 553 987; x_wconf 91' lang='lat' dir='ltr'>apud</span> <span class='ocrx_word' id='word_1_44' title='bbox 602 929 859 973; x_wconf 87' lang='lat' dir='ltr'>Lucretium</span> <span class='ocrx_word' id='word_1_45' title='bbox 910 929 1117 981; x_wconf 85' lang='lat' dir='ltr'>suavitas,</span> 
     </span>
     <span class='ocr_line' id='line_1_13' title="bbox 262 962 1119 1046; baseline -0.002 -14"><span class='ocrx_word' id='word_1_46' title='bbox 262 989 397 1033; x_wconf 85' lang='lat' dir='ltr'><strong>xxxii.</strong></span> <span class='ocrx_word' id='word_1_47' title='bbox 413 987 514 1045; x_wconf 88' lang='lat'><strong>654,</strong></span> <span class='ocrx_word' id='word_1_48' title='bbox 529 987 629 1045; x_wconf 90' lang='lat'><strong>656.</strong></span> <span class='ocrx_word' id='word_1_49' title='bbox 663 987 897 1044; x_wconf 84' lang='lat' dir='ltr'>descriptio</span> <span class='ocrx_word' id='word_1_50' title='bbox 915 962 1119 1046; x_wconf 80' lang='lat' dir='ltr'>quaedani</span> 
     </span>
     <span class='ocr_line' id='line_1_14' title="bbox 266 1045 790 1103; baseline -0.006 -12"><span class='ocrx_word' id='word_1_51' title='bbox 266 1047 500 1098; x_wconf 88' lang='lat' dir='ltr'>Ovidiana,</span> <span class='ocrx_word' id='word_1_52' title='bbox 522 1046 671 1089; x_wconf 89' lang='lat' dir='ltr'><strong>xxxiii.</strong></span> <span class='ocrx_word' id='word_1_53' title='bbox 690 1045 790 1103; x_wconf 94' lang='lat'>669</span> 
     </span>
    </p>

    <p class='ocr_par' dir='ltr' id='par_1_9' title="bbox 208 1061 1040 1162">
     <span class='ocr_line' id='line_1_15' title="bbox 208 1061 1040 1162; baseline -0.002 -13"><span class='ocrx_word' id='word_1_54' title='bbox 208 1106 354 1162; x_wconf 84' lang='grc' dir='ltr'>Αὔτόχ</span> <span class='ocrx_word' id='word_1_55' title='bbox 357 1105 476 1150; x_wconf 83' lang='grc' dir='ltr'>θονες</span> <span class='ocrx_word' id='word_1_56' title='bbox 497 1105 659 1155; x_wconf 86' lang='lat' dir='ltr'>Poetae,</span> <span class='ocrx_word' id='word_1_57' title='bbox 681 1105 738 1148; x_wconf 87' lang='lat' dir='ltr'>vi.</span> <span class='ocrx_word' id='word_1_58' title='bbox 749 1061 828 1162; x_wconf 89' lang='lat'>975.</span> <span class='ocrx_word' id='word_1_59' title='bbox 861 1105 920 1147; x_wconf 90' lang='lat' dir='ltr'>xl.</span> <span class='ocrx_word' id='word_1_60' title='bbox 939 1105 1040 1147; x_wconf 89' lang='lat'><strong>800.</strong></span> 
     </span>
    </p>

    <p class='ocr_par' dir='ltr' id='par_1_10' title="bbox 206 1138 1120 1221">
     <span class='ocr_line' id='line_1_16' title="bbox 206 1138 1120 1221; baseline -0.001 -14"><span class='ocrx_word' id='word_1_61' title='bbox 206 1165 480 1208; x_wconf 79' lang='lat' dir='ltr'>Autumnalis</span> <span class='ocrx_word' id='word_1_62' title='bbox 520 1138 695 1221; x_wconf 86' lang='lat' dir='ltr'>Virgilii</span> <span class='ocrx_word' id='word_1_63' title='bbox 742 1170 914 1215; x_wconf 90' lang='lat' dir='ltr'>cantus,</span> <span class='ocrx_word' id='word_1_64' title='bbox 955 1163 1120 1206; x_wconf 90' lang='lat' dir='ltr'><strong>xxxvii.</strong></span> 
     </span>
    </p>

    <p class='ocr_par' dir='ltr' id='par_1_11' title="bbox 207 1233 1118 1395">
     <span class='ocr_line' id='line_1_17' title="bbox 207 1233 1118 1336; baseline -0.003 -11"><span class='ocrx_word' id='word_1_65' title='bbox 207 1233 367 1325; x_wconf 62' lang='grc' dir='ltr'>ΑυΞΞ</span> <span class='ocrx_word' id='word_1_66' title='bbox 369 1279 620 1324; x_wconf 85' lang='lat' dir='ltr'>solitudinis</span> <span class='ocrx_word' id='word_1_67' title='bbox 672 1286 883 1331; x_wconf 88' lang='lat' dir='ltr'>amantes,</span> <span class='ocrx_word' id='word_1_68' title='bbox 925 1279 983 1322; x_wconf 92' lang='lat' dir='ltr'>xi.</span> <span class='ocrx_word' id='word_1_69' title='bbox 1022 1280 1118 1336; x_wconf 90' lang='lat'><strong>185.</strong></span> 
     </span>
     <span class='ocr_line' id='line_1_18' title="bbox 265 1338 952 1395; baseline -0.004 -12"><span class='ocrx_word' id='word_1_70' title='bbox 265 1339 536 1383; x_wconf 86' lang='lat' dir='ltr'>marinarum</span> <span class='ocrx_word' id='word_1_71' title='bbox 557 1352 657 1389; x_wconf 92' lang='lat' dir='ltr'>vox,</span> <span class='ocrx_word' id='word_1_72' title='bbox 679 1338 826 1381; x_wconf 87' lang='lat' dir='ltr'><strong>xxxvi.</strong></span> <span class='ocrx_word' id='word_1_73' title='bbox 852 1348 952 1395; x_wconf 92' lang='lat'><strong>729.</strong></span> 
     </span>
    </p>
   </div>
   <div class='ocr_carea' id='block_1_4' title="bbox 637 1455 691 1498">
    <p class='ocr_par' dir='ltr' id='par_1_12' title="bbox 637 1455 691 1498">
     <span class='ocr_line' id='line_1_19' title="bbox 637 1455 691 1498; baseline -0.019 0"><span class='ocrx_word' id='word_1_74' title='bbox 637 1455 691 1498; x_wconf 89' lang='lat' dir='ltr'>B.</span> 
     </span>
    </p>
   </div>
   <div class='ocr_carea' id='block_1_5' title="bbox 209 1494 1120 1570">
    <p class='ocr_par' dir='ltr' id='par_1_13' title="bbox 209 1494 1120 1570">
     <span class='ocr_line' id='line_1_20' title="bbox 209 1494 1120 1570; baseline -0.002 -12"><span class='ocrx_word' id='word_1_75' title='bbox 209 1494 394 1558; x_wconf 77' lang='lat' dir='ltr'>Bacchoe</span> <span class='ocrx_word' id='word_1_76' title='bbox 436 1512 676 1570; x_wconf 87' lang='lat' dir='ltr'>Euripidis,</span> <span class='ocrx_word' id='word_1_77' title='bbox 729 1513 823 1570; x_wconf 91' lang='lat' dir='ltr'>ejus</span> <span class='ocrx_word' id='word_1_78' title='bbox 873 1511 1120 1570; x_wconf 86' lang='lat' dir='ltr'>Tragoediae</span> 
     </span>
    </p>
   </div>
   <div class='ocr_carea' id='block_1_6' title="bbox 209 1570 1140 3727">
    <p class='ocr_par' dir='ltr' id='par_1_14' title="bbox 267 1570 658 1624">
     <span class='ocr_line' id='line_1_21' title="bbox 267 1570 658 1624; baseline -0.005 -8"><span class='ocrx_word' id='word_1_79' title='bbox 267 1573 392 1624; x_wconf 87' lang='lat' dir='ltr'>ratio,</span> <span class='ocrx_word' id='word_1_80' title='bbox 415 1573 534 1615; x_wconf 86' lang='lat' dir='ltr'>xxix.</span> <span class='ocrx_word' id='word_1_81' title='bbox 558 1570 615 1615; x_wconf 91' lang='lat'>60</span> <span class='ocrx_word' id='word_1_82' title='bbox 650 1605 658 1614; x_wconf 93' lang='lat'>.</span> 
     </span>
    </p>

    <p class='ocr_par' dir='ltr' id='par_1_15' title="bbox 210 1629 1120 1687">
     <span class='ocr_line' id='line_1_22' title="bbox 210 1629 1120 1687; baseline -0.003 -12"><span class='ocrx_word' id='word_1_83' title='bbox 210 1633 446 1675; x_wconf 81' lang='lat' dir='ltr'>Balaamus</span> <span class='ocrx_word' id='word_1_84' title='bbox 472 1645 574 1674; x_wconf 91' lang='lat' dir='ltr'>cum</span> <span class='ocrx_word' id='word_1_85' title='bbox 629 1630 716 1673; x_wconf 90' lang='lat' dir='ltr'>obo</span> <span class='ocrx_word' id='word_1_86' title='bbox 744 1629 1039 1687; x_wconf 88' lang='lat' dir='ltr'>componitur,</span> <span class='ocrx_word' id='word_1_87' title='bbox 1062 1630 1120 1672; x_wconf 90' lang='lat' dir='ltr'>vi.</span> 
     </span>
    </p>

    <p class='ocr_par' dir='ltr' id='par_1_16' title="bbox 210 1701 1124 1873">
     <span class='ocr_line' id='line_1_23' title="bbox 210 1701 1124 1798; baseline -0.003 -6"><span class='ocrx_word' id='word_1_88' title='bbox 210 1701 418 1792; x_wconf 79' lang='lat' dir='ltr'>Ba7lneum</span> <span class='ocrx_word' id='word_1_89' title='bbox 478 1762 503 1790; x_wconf 89' lang='lat' dir='ltr'>a</span> <span class='ocrx_word' id='word_1_90' title='bbox 555 1746 746 1790; x_wconf 87' lang='lat' dir='ltr'>Pindaro</span> <span class='ocrx_word' id='word_1_91' title='bbox 808 1745 1124 1798; x_wconf 89' lang='lat' dir='ltr'>commendari,</span> 
     </span>
     <span class='ocr_line' id='line_1_24' title="bbox 270 1807 878 1873; baseline -0.005 -23"><span class='ocrx_word' id='word_1_92' title='bbox 270 1821 373 1850; x_wconf 89' lang='lat' dir='ltr'><strong>xxv.</strong></span> <span class='ocrx_word' id='word_1_93' title='bbox 397 1807 499 1873; x_wconf 87' lang='grc'>498.</span> <span class='ocrx_word' id='word_1_94' title='bbox 874 1830 878 1833; x_wconf 88' lang='lat'><strong>·</strong></span> 
     </span>
    </p>

    <p class='ocr_par' dir='ltr' id='par_1_17' title="bbox 209 1861 1125 1976">
     <span class='ocr_line' id='line_1_25' title="bbox 209 1861 1125 1922; baseline -0.003 -13"><span class='ocrx_word' id='word_1_95' title='bbox 209 1866 462 1922; x_wconf 81' lang='lat' dir='ltr'>Banqaonzs</span> <span class='ocrx_word' id='word_1_96' title='bbox 501 1863 619 1921; x_wconf 91' lang='lat' dir='ltr'>apud</span> <span class='ocrx_word' id='word_1_97' title='bbox 662 1863 966 1920; x_wconf 84' lang='lat' dir='ltr'>Shaksperum</span> <span class='ocrx_word' id='word_1_98' title='bbox 1006 1861 1125 1906; x_wconf 76' lang='grc' dir='ltr'>εἴδω-</span> 
     </span>
     <span class='ocr_line' id='line_1_26' title="bbox 269 1923 594 1976; baseline -0.006 -9"><span class='ocrx_word' id='word_1_99' title='bbox 269 1926 364 1975; x_wconf 89' lang='grc' dir='ltr'>λον,</span> <span class='ocrx_word' id='word_1_100' title='bbox 385 1923 475 1966; x_wconf 89' lang='grc' dir='ltr'>ΧΧ1.</span> <span class='ocrx_word' id='word_1_101' title='bbox 493 1936 594 1976; x_wconf 89' lang='lat'><strong>404.</strong></span> 
     </span>
    </p>

    <p class='ocr_par' dir='ltr' id='par_1_18' title="bbox 213 1979 1125 2156">
     <span class='ocr_line' id='line_1_27' title="bbox 213 1979 1124 2036; baseline -0.004 -11"><span class='ocrx_word' id='word_1_102' title='bbox 213 1983 507 2025; x_wconf 81' lang='lat' dir='ltr'>Barbarorum</span> <span class='ocrx_word' id='word_1_103' title='bbox 537 1980 782 2024; x_wconf 87' lang='lat' dir='ltr'>carminum</span> <span class='ocrx_word' id='word_1_104' title='bbox 815 1979 939 2030; x_wconf 89' lang='lat' dir='ltr'>ratio,</span> <span class='ocrx_word' id='word_1_105' title='bbox 971 1979 1029 2022; x_wconf 90' lang='lat' dir='ltr'>iv.</span> <span class='ocrx_word' id='word_1_106' title='bbox 1053 1990 1124 2036; x_wconf 88' lang='lat'>53.</span> 
     </span>
     <span class='ocr_line' id='line_1_28' title="bbox 269 2037 1125 2096; baseline -0.005 -12"><span class='ocrx_word' id='word_1_107' title='bbox 269 2040 470 2084; x_wconf 83' lang='lat' dir='ltr'>barbarae</span> <span class='ocrx_word' id='word_1_108' title='bbox 499 2039 665 2096; x_wconf 79' lang='lat' dir='ltr'>linguae</span> <span class='ocrx_word' id='word_1_109' title='bbox 698 2038 870 2082; x_wconf 90' lang='lat' dir='ltr'>veniam</span> <span class='ocrx_word' id='word_1_110' title='bbox 894 2037 1125 2094; x_wconf 87' lang='lat' dir='ltr'>Supplices</span> 
     </span>
     <span class='ocr_line' id='line_1_29' title="bbox 271 2097 713 2156; baseline -0.009 -13"><span class='ocrx_word' id='word_1_111' title='bbox 271 2105 443 2156; x_wconf 88' lang='lat' dir='ltr'>petunt,</span> <span class='ocrx_word' id='word_1_112' title='bbox 469 2097 588 2140; x_wconf 90' lang='lat' dir='ltr'>xxiii.</span> <span class='ocrx_word' id='word_1_113' title='bbox 612 2097 713 2151; x_wconf 89' lang='lat'><strong>458.</strong></span> 
     </span>
    </p>

    <p class='ocr_par' dir='ltr' id='par_1_19' title="bbox 213 2153 1128 2272">
     <span class='ocr_line' id='line_1_30' title="bbox 213 2153 1128 2222; baseline -0.005 -21"><span class='ocrx_word' id='word_1_114' title='bbox 213 2158 389 2201; x_wconf 71' lang='lat' dir='ltr'>Barac-h</span> <span class='ocrx_word' id='word_1_115' title='bbox 438 2155 660 2222; x_wconf 83' lang='lat' dir='ltr'>Propheta</span> <span class='ocrx_word' id='word_1_116' title='bbox 720 2168 823 2197; x_wconf 92' lang='lat' dir='ltr'>cum</span> <span class='ocrx_word' id='word_1_117' title='bbox 877 2153 1128 2197; x_wconf 85' lang='lat' dir='ltr'>Cassandra</span> 
     </span>
     <span class='ocr_line' id='line_1_31' title="bbox 272 2214 781 2272; baseline -0.009 -13"><span class='ocrx_word' id='word_1_118' title='bbox 272 2214 567 2272; x_wconf 89' lang='lat' dir='ltr'>componitur,</span> <span class='ocrx_word' id='word_1_119' title='bbox 588 2229 662 2257; x_wconf 90' lang='lat' dir='ltr'>xx.</span> <span class='ocrx_word' id='word_1_120' title='bbox 680 2224 781 2271; x_wconf 88' lang='lat'><strong>379.</strong></span> 
     </span>
    </p>

    <p class='ocr_par' dir='ltr' id='par_1_20' title="bbox 212 2269 1127 2389">
     <span class='ocr_line' id='line_1_32' title="bbox 212 2269 1127 2330; baseline -0.006 -11"><span class='ocrx_word' id='word_1_121' title='bbox 212 2275 395 2319; x_wconf 77' lang='lat' dir='ltr'>Beatrioe</span> <span class='ocrx_word' id='word_1_122' title='bbox 429 2271 549 2330; x_wconf 87' lang='lat' dir='ltr'>apud</span> <span class='ocrx_word' id='word_1_123' title='bbox 586 2272 795 2323; x_wconf 90' lang='lat' dir='ltr'>Dantem,</span> <span class='ocrx_word' id='word_1_124' title='bbox 835 2269 984 2314; x_wconf 86' lang='lat' dir='ltr'>Solem</span> <span class='ocrx_word' id='word_1_125' title='bbox 1020 2286 1127 2315; x_wconf 87' lang='lat' dir='ltr'>con-</span> 
     </span>
     <span class='ocr_line' id='line_1_33' title="bbox 271 2330 796 2389; baseline -0.006 -13"><span class='ocrx_word' id='word_1_126' title='bbox 271 2332 506 2389; x_wconf 89' lang='lat' dir='ltr'>templans,</span> <span class='ocrx_word' id='word_1_127' title='bbox 528 2331 677 2374; x_wconf 89' lang='lat' dir='ltr'><strong>xxxiii.</strong></span> <span class='ocrx_word' id='word_1_128' title='bbox 696 2330 796 2387; x_wconf 89' lang='grc'>678.</span> 
     </span>
    </p>

    <p class='ocr_par' dir='ltr' id='par_1_21' title="bbox 216 2387 1127 2505">
     <span class='ocr_line' id='line_1_34' title="bbox 216 2387 1127 2446; baseline -0.005 -11"><span class='ocrx_word' id='word_1_129' title='bbox 216 2391 456 2434; x_wconf 66' lang='lat' dir='ltr'>Bellicus-us</span> <span class='ocrx_word' id='word_1_130' title='bbox 505 2389 624 2446; x_wconf 90' lang='lat' dir='ltr'>apud</span> <span class='ocrx_word' id='word_1_131' title='bbox 675 2387 913 2445; x_wconf 87' lang='lat' dir='ltr'>Virgilium</span> <span class='ocrx_word' id='word_1_132' title='bbox 974 2402 1127 2439; x_wconf 90' lang='lat' dir='ltr'>sonus,</span> 
     </span>
     <span class='ocr_line' id='line_1_35' title="bbox 275 2449 547 2505; baseline -0.004 -13"><span class='ocrx_word' id='word_1_133' title='bbox 275 2449 423 2492; x_wconf 88' lang='lat' dir='ltr'><strong>xxxvi.</strong></span> <span class='ocrx_word' id='word_1_134' title='bbox 448 2458 547 2505; x_wconf 92' lang='lat'><strong>720.</strong></span> 
     </span>
    </p>

    <p class='ocr_par' dir='ltr' id='par_1_22' title="bbox 216 2504 1130 2621">
     <span class='ocr_line' id='line_1_36' title="bbox 216 2504 1130 2551; baseline -0.005 0"><span class='ocrx_word' id='word_1_135' title='bbox 216 2508 372 2551; x_wconf 78' lang='lat' dir='ltr'>Bionis</span> <span class='ocrx_word' id='word_1_136' title='bbox 409 2506 463 2550; x_wconf 88' lang='lat' dir='ltr'>de</span> <span class='ocrx_word' id='word_1_137' title='bbox 493 2512 636 2549; x_wconf 87' lang='lat' dir='ltr'>morte</span> <span class='ocrx_word' id='word_1_138' title='bbox 667 2505 812 2549; x_wconf 87' lang='lat' dir='ltr'>naenia</span> <span class='ocrx_word' id='word_1_139' title='bbox 842 2519 943 2547; x_wconf 90' lang='lat' dir='ltr'>cum</span> <span class='ocrx_word' id='word_1_140' title='bbox 968 2504 1130 2547; x_wconf 90' lang='lat' dir='ltr'>Lucre-</span> 
     </span>
     <span class='ocr_line' id='line_1_37' title="bbox 275 2562 992 2621; baseline -0.006 -12"><span class='ocrx_word' id='word_1_141' title='bbox 275 2565 407 2609; x_wconf 90' lang='lat' dir='ltr'>tianis</span> <span class='ocrx_word' id='word_1_142' title='bbox 429 2564 722 2621; x_wconf 84' lang='lat' dir='ltr'>componitur,</span> <span class='ocrx_word' id='word_1_143' title='bbox 744 2578 876 2606; x_wconf 91' lang='lat' dir='ltr'><strong>xxxv.</strong></span> <span class='ocrx_word' id='word_1_144' title='bbox 892 2562 992 2619; x_wconf 88' lang='grc'>699.</span> 
     </span>
    </p>

    <p class='ocr_par' dir='ltr' id='par_1_23' title="bbox 218 2620 1129 2796">
     <span class='ocr_line' id='line_1_38' title="bbox 218 2620 1129 2678; baseline -0.007 -10"><span class='ocrx_word' id='word_1_145' title='bbox 218 2625 462 2668; x_wconf 81' lang='lat' dir='ltr'>Boeotorum</span> <span class='ocrx_word' id='word_1_146' title='bbox 503 2637 702 2666; x_wconf 90' lang='lat' dir='ltr'>crassum</span> <span class='ocrx_word' id='word_1_147' title='bbox 741 2620 985 2678; x_wconf 89' lang='lat' dir='ltr'>ingenium,</span> <span class='ocrx_word' id='word_1_148' title='bbox 1026 2635 1129 2663; x_wconf 86' lang='lat' dir='ltr'><strong>xxv.</strong></span> 
     </span>
     <span class='ocr_line' id='line_1_39' title="bbox 277 2680 1130 2740; baseline -0.006 -14"><span class='ocrx_word' id='word_1_149' title='bbox 277 2694 378 2740; x_wconf 89' lang='lat'><strong>503.</strong></span> <span class='ocrx_word' id='word_1_150' title='bbox 430 2696 556 2725; x_wconf 90' lang='lat' dir='ltr'>mens</span> <span class='ocrx_word' id='word_1_151' title='bbox 590 2681 638 2723; x_wconf 92' lang='lat' dir='ltr'>in</span> <span class='ocrx_word' id='word_1_152' title='bbox 673 2680 904 2737; x_wconf 90' lang='lat' dir='ltr'>optimates</span> <span class='ocrx_word' id='word_1_153' title='bbox 941 2693 1130 2736; x_wconf 90' lang='lat' dir='ltr'>propen-</span> 
     </span>
     <span class='ocr_line' id='line_1_40' title="bbox 278 2740 660 2796; baseline -0.005 -13"><span class='ocrx_word' id='word_1_154' title='bbox 278 2742 381 2792; x_wconf 87' lang='lat' dir='ltr'>sior,</span> <span class='ocrx_word' id='word_1_155' title='bbox 402 2740 536 2783; x_wconf 88' lang='lat' dir='ltr'><strong>xxvii.</strong></span> <span class='ocrx_word' id='word_1_156' title='bbox 559 2750 660 2796; x_wconf 90' lang='lat'><strong>541.</strong></span> 
     </span>
    </p>

    <p class='ocr_par' dir='ltr' id='par_1_24' title="bbox 220 2796 1133 2969">
     <span class='ocr_line' id='line_1_41' title="bbox 220 2796 1130 2853; baseline -0.004 -11"><span class='ocrx_word' id='word_1_157' title='bbox 220 2799 405 2842; x_wconf 78' lang='lat' dir='ltr'>Bonitas</span> <span class='ocrx_word' id='word_1_158' title='bbox 440 2798 559 2849; x_wconf 76' lang='lat' dir='ltr'>Dm,</span> <span class='ocrx_word' id='word_1_159' title='bbox 594 2797 757 2853; x_wconf 88' lang='lat' dir='ltr'>duplex</span> <span class='ocrx_word' id='word_1_160' title='bbox 794 2796 848 2839; x_wconf 91' lang='lat' dir='ltr'>de</span> <span class='ocrx_word' id='word_1_161' title='bbox 885 2811 936 2839; x_wconf 88' lang='lat' dir='ltr'>ea</span> <span class='ocrx_word' id='word_1_162' title='bbox 970 2796 1130 2847; x_wconf 90' lang='lat' dir='ltr'>nodus,</span> 
     </span>
     <span class='ocr_line' id='line_1_42' title="bbox 280 2854 1133 2913; baseline -0.005 -13"><span class='ocrx_word' id='word_1_163' title='bbox 280 2857 384 2900; x_wconf 86' lang='lat' dir='ltr'><strong>xxii.</strong></span> <span class='ocrx_word' id='word_1_164' title='bbox 411 2868 512 2913; x_wconf 85' lang='lat'><strong>425.</strong></span> <span class='ocrx_word' id='word_1_165' title='bbox 565 2854 796 2912; x_wconf 87' lang='lat' dir='ltr'>dupliciter</span> <span class='ocrx_word' id='word_1_166' title='bbox 827 2855 924 2911; x_wconf 87' lang='lat' dir='ltr'>ipsa</span> <span class='ocrx_word' id='word_1_167' title='bbox 963 2854 1009 2897; x_wconf 93' lang='lat' dir='ltr'>in</span> <span class='ocrx_word' id='word_1_168' title='bbox 1050 2868 1133 2897; x_wconf 92' lang='lat' dir='ltr'>nos</span> 
     </span>
     <span class='ocr_line' id='line_1_43' title="bbox 281 2913 778 2969; baseline -0.008 -10"><span class='ocrx_word' id='word_1_169' title='bbox 281 2915 517 2966; x_wconf 88' lang='lat' dir='ltr'>derivatur,</span> <span class='ocrx_word' id='word_1_170' title='bbox 539 2915 659 2956; x_wconf 88' lang='lat' dir='ltr'><strong>xxxi.</strong></span> <span class='ocrx_word' id='word_1_171' title='bbox 678 2913 778 2969; x_wconf 90' lang='lat'><strong>631.</strong></span> 
     </span>
    </p>

    <p class='ocr_par' dir='ltr' id='par_1_25' title="bbox 222 2970 1133 3086">
     <span class='ocr_line' id='line_1_44' title="bbox 222 2970 1133 3029; baseline -0.004 -12"><span class='ocrx_word' id='word_1_172' title='bbox 222 2973 390 3017; x_wconf 83' lang='lat' dir='ltr'>Border</span> <span class='ocrx_word' id='word_1_173' title='bbox 402 2973 673 3029; x_wconf 79' lang='lat' dir='ltr'>Minstrelsy,</span> <span class='ocrx_word' id='word_1_174' title='bbox 689 2971 972 3015; x_wconf 86' lang='lat' dir='ltr'>Pindaricum</span> <span class='ocrx_word' id='word_1_175' title='bbox 994 2970 1133 3028; x_wconf 91' lang='lat' dir='ltr'>quod-</span> 
     </span>
     <span class='ocr_line' id='line_1_45' title="bbox 281 3030 897 3086; baseline -0.007 -11"><span class='ocrx_word' id='word_1_176' title='bbox 281 3031 384 3075; x_wconf 90' lang='lat' dir='ltr'>dam</span> <span class='ocrx_word' id='word_1_177' title='bbox 405 3031 444 3074; x_wconf 89' lang='lat' dir='ltr'>ei</span> <span class='ocrx_word' id='word_1_178' title='bbox 465 3031 619 3081; x_wconf 91' lang='lat' dir='ltr'>simile,</span> <span class='ocrx_word' id='word_1_179' title='bbox 640 3030 774 3073; x_wconf 89' lang='lat' dir='ltr'><strong>xxvii.</strong></span> <span class='ocrx_word' id='word_1_180' title='bbox 796 3041 897 3086; x_wconf 88' lang='lat'><strong>549.</strong></span> 
     </span>
    </p>

    <p class='ocr_par' dir='ltr' id='par_1_26' title="bbox 224 3088 1140 3727">
     <span class='ocr_line' id='line_1_46' title="bbox 224 3088 1134 3146; baseline -0.005 -12"><span class='ocrx_word' id='word_1_181' title='bbox 224 3090 357 3134; x_wconf 77' lang='lat' dir='ltr'>Bovis</span> <span class='ocrx_word' id='word_1_182' title='bbox 397 3089 516 3146; x_wconf 91' lang='lat' dir='ltr'>apud</span> <span class='ocrx_word' id='word_1_183' title='bbox 551 3088 789 3145; x_wconf 87' lang='lat' dir='ltr'>Virgilium</span> <span class='ocrx_word' id='word_1_184' title='bbox 828 3102 992 3131; x_wconf 88' lang='lat' dir='ltr'>moeror</span> <span class='ocrx_word' id='word_1_185' title='bbox 1032 3101 1134 3130; x_wconf 92' lang='lat' dir='ltr'>cum</span> 
     </span>
     <span class='ocr_line' id='line_1_47' title="bbox 281 3146 1034 3211; baseline -0.005 -20"><span class='ocrx_word' id='word_1_186' title='bbox 281 3147 439 3191; x_wconf 88' lang='lat' dir='ltr'>morbo</span> <span class='ocrx_word' id='word_1_187' title='bbox 460 3161 726 3204; x_wconf 86' lang='lat' dir='ltr'>congruens,</span> <span class='ocrx_word' id='word_1_188' title='bbox 747 3146 910 3188; x_wconf 89' lang='lat' dir='ltr'><strong>xxxvii.</strong></span> <span class='ocrx_word' id='word_1_189' title='bbox 936 3156 1034 3211; x_wconf 83' lang='lat'><strong>749.</strong></span> 
     </span>
     <span class='ocr_line' id='line_1_48' title="bbox 224 3204 1134 3262; baseline -0.002 -14"><span class='ocrx_word' id='word_1_190' title='bbox 224 3207 461 3249; x_wconf 81' lang='lat' dir='ltr'>Brutorum</span> <span class='ocrx_word' id='word_1_191' title='bbox 499 3219 699 3262; x_wconf 84' lang='lat' dir='ltr'>praesaga</span> <span class='ocrx_word' id='word_1_192' title='bbox 738 3218 879 3255; x_wconf 87' lang='lat' dir='ltr'>mens,</span> <span class='ocrx_word' id='word_1_193' title='bbox 910 3204 1000 3246; x_wconf 92' lang='lat' dir='ltr'>viii.</span> <span class='ocrx_word' id='word_1_194' title='bbox 1038 3217 1134 3246; x_wconf 87' lang='lat'><strong>111.</strong></span> 
     </span>
     <span class='ocr_line' id='line_1_49' title="bbox 284 3262 1136 3318; baseline -0.004 -11"><span class='ocrx_word' id='word_1_195' title='bbox 284 3264 443 3307; x_wconf 87' lang='lat' dir='ltr'>sentire</span> <span class='ocrx_word' id='word_1_196' title='bbox 464 3278 514 3307; x_wconf 88' lang='lat' dir='ltr'>ea</span> <span class='ocrx_word' id='word_1_197' title='bbox 533 3263 783 3313; x_wconf 90' lang='lat' dir='ltr'>nobiscum,</span> <span class='ocrx_word' id='word_1_198' title='bbox 805 3262 864 3305; x_wconf 94' lang='lat' dir='ltr'>ix.</span> <span class='ocrx_word' id='word_1_199' title='bbox 884 3277 980 3315; x_wconf 92' lang='lat'><strong>144.</strong></span> <span class='ocrx_word' id='word_1_200' title='bbox 1013 3276 1136 3318; x_wconf 89' lang='lat' dir='ltr'>mag-</span> 
     </span>
     <span class='ocr_line' id='line_1_50' title="bbox 283 3321 1137 3377; baseline -0.004 -12"><span class='ocrx_word' id='word_1_201' title='bbox 283 3337 395 3365; x_wconf 91' lang='lat' dir='ltr'>num</span> <span class='ocrx_word' id='word_1_202' title='bbox 416 3321 500 3365; x_wconf 85' lang='lat' dir='ltr'>de</span> <span class='ocrx_word' id='word_1_203' title='bbox 490 3321 543 3364; x_wconf 83' lang='lat' dir='ltr'>iis</span> <span class='ocrx_word' id='word_1_204' title='bbox 565 3335 789 3372; x_wconf 87' lang='lat' dir='ltr'>arcanum,</span> <span class='ocrx_word' id='word_1_205' title='bbox 817 3332 912 3377; x_wconf 92' lang='lat'><strong>145.</strong></span> <span class='ocrx_word' id='word_1_206' title='bbox 955 3334 1034 3363; x_wconf 91' lang='lat' dir='ltr'>cur</span> <span class='ocrx_word' id='word_1_207' title='bbox 1054 3334 1137 3362; x_wconf 91' lang='lat' dir='ltr'>nos</span> 
     </span>
     <span class='ocr_line' id='line_1_51' title="bbox 283 3378 1136 3437; baseline -0.004 -14"><span class='ocrx_word' id='word_1_208' title='bbox 283 3380 454 3423; x_wconf 88' lang='lat' dir='ltr'>facilius</span> <span class='ocrx_word' id='word_1_209' title='bbox 477 3379 531 3423; x_wconf 87' lang='lat' dir='ltr'>de</span> <span class='ocrx_word' id='word_1_210' title='bbox 550 3379 618 3431; x_wconf 90' lang='lat' dir='ltr'>iis,</span> <span class='ocrx_word' id='word_1_211' title='bbox 642 3394 774 3437; x_wconf 90' lang='lat' dir='ltr'>quam</span> <span class='ocrx_word' id='word_1_212' title='bbox 804 3378 858 3421; x_wconf 91' lang='lat' dir='ltr'>de</span> <span class='ocrx_word' id='word_1_213' title='bbox 888 3378 1021 3422; x_wconf 85' lang='lat' dir='ltr'>rebus</span> <span class='ocrx_word' id='word_1_214' title='bbox 1051 3378 1136 3421; x_wconf 90' lang='lat' dir='ltr'>hu-</span> 
     </span>
     <span class='ocr_line' id='line_1_52' title="bbox 284 3438 1137 3494; baseline -0.004 -12"><span class='ocrx_word' id='word_1_215' title='bbox 284 3438 443 3490; x_wconf 90' lang='lat' dir='ltr'>manis,</span> <span class='ocrx_word' id='word_1_216' title='bbox 484 3443 683 3480; x_wconf 88' lang='lat' dir='ltr'>veterum</span> <span class='ocrx_word' id='word_1_217' title='bbox 724 3452 881 3480; x_wconf 89' lang='lat' dir='ltr'>sensus</span> <span class='ocrx_word' id='word_1_218' title='bbox 932 3451 1137 3494; x_wconf 86' lang='lat' dir='ltr'>assequa-</span> 
     </span>
     <span class='ocr_line' id='line_1_53' title="bbox 284 3495 1138 3547; baseline -0.002 -8"><span class='ocrx_word' id='word_1_219' title='bbox 284 3511 401 3547; x_wconf 74' lang='lat' dir='ltr'>mur,</span> <span class='ocrx_word' id='word_1_220' title='bbox 421 3496 525 3538; x_wconf 83' lang='lat' dir='ltr'>ibid.</span> <span class='ocrx_word' id='word_1_221' title='bbox 569 3510 648 3539; x_wconf 87' lang='lat' dir='ltr'>cur</span> <span class='ocrx_word' id='word_1_222' title='bbox 668 3496 840 3539; x_wconf 86' lang='lat' dir='ltr'>faveant</span> <span class='ocrx_word' id='word_1_223' title='bbox 861 3495 913 3538; x_wconf 91' lang='lat' dir='ltr'>iis</span> <span class='ocrx_word' id='word_1_224' title='bbox 934 3495 1138 3537; x_wconf 89' lang='lat' dir='ltr'>immani-</span> 
     </span>
     <span class='ocr_line' id='line_1_54' title="bbox 285 3550 1140 3610; baseline -0.002 -13"><span class='ocrx_word' id='word_1_225' title='bbox 285 3550 382 3597; x_wconf 85' lang='lat' dir='ltr'>ores</span> <span class='ocrx_word' id='word_1_226' title='bbox 421 3554 638 3605; x_wconf 88' lang='lat' dir='ltr'>homines,</span> <span class='ocrx_word' id='word_1_227' title='bbox 671 3554 728 3596; x_wconf 89' lang='lat' dir='ltr'>xi.</span> <span class='ocrx_word' id='word_1_228' title='bbox 761 3554 856 3610; x_wconf 88' lang='lat'><strong>183.</strong></span> <span class='ocrx_word' id='word_1_229' title='bbox 908 3554 1059 3610; x_wconf 91' lang='lat' dir='ltr'>magni</span> <span class='ocrx_word' id='word_1_230' title='bbox 1090 3568 1140 3595; x_wconf 91' lang='lat' dir='ltr'>ea</span> 
     </span>
     <span class='ocr_line' id='line_1_55' title="bbox 285 3611 1137 3669; baseline -0.001 -14"><span class='ocrx_word' id='word_1_231' title='bbox 285 3612 452 3656; x_wconf 84' lang='lat' dir='ltr'>faciunt</span> <span class='ocrx_word' id='word_1_232' title='bbox 485 3611 646 3662; x_wconf 82' lang='lat' dir='ltr'>Poetae,</span> <span class='ocrx_word' id='word_1_233' title='bbox 678 3612 766 3654; x_wconf 84' lang='lat' dir='ltr'><strong>xix.</strong></span> <span class='ocrx_word' id='word_1_234' title='bbox 791 3623 890 3668; x_wconf 88' lang='lat'><strong>345.</strong></span> <span class='ocrx_word' id='word_1_235' title='bbox 944 3611 1051 3669; x_wconf 91' lang='lat' dir='ltr'>quid</span> <span class='ocrx_word' id='word_1_236' title='bbox 1083 3611 1137 3654; x_wconf 85' lang='lat' dir='ltr'>ab</span> 
     </span>
     <span class='ocr_line' id='line_1_56' title="bbox 286 3670 1138 3727; baseline -0.006 -11"><span class='ocrx_word' id='word_1_237' title='bbox 286 3670 528 3727; x_wconf 88' lang='lat' dir='ltr'>Evangelio</span> <span class='ocrx_word' id='word_1_238' title='bbox 540 3671 781 3722; x_wconf 86' lang='lat' dir='ltr'>lucrentur,</span> <span class='ocrx_word' id='word_1_239' title='bbox 797 3671 896 3726; x_wconf 88' lang='lat'>348,</span> <span class='ocrx_word' id='word_1_240' title='bbox 912 3684 1013 3727; x_wconf 86' lang='lat'><strong>349.</strong></span> <span class='ocrx_word' id='word_1_241' title='bbox 1038 3670 1138 3712; x_wconf 90' lang='lat' dir='ltr'>Vir-</span> 
     </span>
    </p>
   </div>
   <div class='ocr_carea' id='block_1_7' title="bbox 1198 346 2123 1564">
    <p class='ocr_par' dir='ltr' id='par_1_27' title="bbox 1198 346 2117 520">
     <span class='ocr_line' id='line_1_57' title="bbox 1257 346 2046 404; baseline 0 -15"><span class='ocrx_word' id='word_1_242' title='bbox 1257 346 1350 403; x_wconf 89' lang='lat' dir='ltr'>gilii</span> <span class='ocrx_word' id='word_1_243' title='bbox 1372 346 1426 389; x_wconf 92' lang='lat' dir='ltr'>de</span> <span class='ocrx_word' id='word_1_244' title='bbox 1445 346 1499 389; x_wconf 92' lang='lat' dir='ltr'>iis</span> <span class='ocrx_word' id='word_1_245' title='bbox 1515 347 1751 404; x_wconf 89' lang='lat' dir='ltr'>judicium,</span> <span class='ocrx_word' id='word_1_246' title='bbox 1774 347 1926 390; x_wconf 87' lang='lat' dir='ltr'>xxxix.</span> <span class='ocrx_word' id='word_1_247' title='bbox 1947 358 2046 404; x_wconf 92' lang='lat'><strong>792.</strong></span> 
     </span>
     <span class='ocr_line' id='line_1_58' title="bbox 1198 404 2117 462; baseline 0.001 -15"><span class='ocrx_word' id='word_1_248' title='bbox 1198 405 1456 447; x_wconf 83' lang='lat' dir='ltr'>Buchanani</span> <span class='ocrx_word' id='word_1_249' title='bbox 1477 420 1653 448; x_wconf 88' lang='lat' dir='ltr'>carmen</span> <span class='ocrx_word' id='word_1_250' title='bbox 1675 405 1729 448; x_wconf 89' lang='lat' dir='ltr'>de</span> <span class='ocrx_word' id='word_1_251' title='bbox 1751 406 1942 455; x_wconf 90' lang='lat' dir='ltr'>Psalmo,</span> <span class='ocrx_word' id='word_1_252' title='bbox 1964 406 2021 449; x_wconf 92' lang='lat' dir='ltr'>vi.</span> <span class='ocrx_word' id='word_1_253' title='bbox 2047 404 2117 462; x_wconf 93' lang='lat'>76.</span> 
     </span>
     <span class='ocr_line' id='line_1_59' title="bbox 1198 462 2117 520; baseline 0.001 -15"><span class='ocrx_word' id='word_1_254' title='bbox 1198 463 1406 506; x_wconf 81' lang='lat' dir='ltr'>Bucolica</span> <span class='ocrx_word' id='word_1_255' title='bbox 1449 462 1623 520; x_wconf 84' lang='lat' dir='ltr'>Virgilii</span> <span class='ocrx_word' id='word_1_256' title='bbox 1665 463 1839 519; x_wconf 90' lang='lat' dir='ltr'>epicum</span> <span class='ocrx_word' id='word_1_257' title='bbox 1880 463 1971 506; x_wconf 88' lang='lat' dir='ltr'>fore</span> <span class='ocrx_word' id='word_1_258' title='bbox 2013 477 2117 506; x_wconf 89' lang='lat' dir='ltr'>eum</span> 
     </span>
    </p>

    <p class='ocr_par' dir='ltr' id='par_1_28' title="bbox 1258 522 2116 579">
     <span class='ocr_line' id='line_1_60' title="bbox 1258 522 2116 579; baseline 0.001 -16"><span class='ocrx_word' id='word_1_259' title='bbox 1258 529 1436 578; x_wconf 88' lang='lat' dir='ltr'>negant,</span> <span class='ocrx_word' id='word_1_260' title='bbox 1458 522 1606 565; x_wconf 86' lang='lat' dir='ltr'><strong>xxxvi.</strong></span> <span class='ocrx_word' id='word_1_261' title='bbox 1632 523 1730 579; x_wconf 88' lang='lat'><strong>718.</strong></span> <span class='ocrx_word' id='word_1_262' title='bbox 1769 537 1848 564; x_wconf 91' lang='lat' dir='ltr'>cur</span> <span class='ocrx_word' id='word_1_263' title='bbox 1868 522 1915 563; x_wconf 93' lang='lat' dir='ltr'>in</span> <span class='ocrx_word' id='word_1_264' title='bbox 1935 522 1988 564; x_wconf 90' lang='lat' dir='ltr'>iis</span> <span class='ocrx_word' id='word_1_265' title='bbox 2011 536 2116 564; x_wconf 92' lang='lat' dir='ltr'>con-</span> 
     </span>
    </p>

    <p class='ocr_par' dir='ltr' id='par_1_29' title="bbox 1260 580 2118 637">
     <span class='ocr_line' id='line_1_61' title="bbox 1260 580 2118 637; baseline 0 -15"><span class='ocrx_word' id='word_1_266' title='bbox 1260 580 1371 622; x_wconf 81' lang='lat' dir='ltr'>vicia</span> <span class='ocrx_word' id='word_1_267' title='bbox 1391 580 1609 631; x_wconf 87' lang='lat' dir='ltr'>adhibeat,</span> <span class='ocrx_word' id='word_1_268' title='bbox 1634 591 1732 637; x_wconf 94' lang='lat'><strong>741.</strong></span> <span class='ocrx_word' id='word_1_269' title='bbox 1775 580 1916 636; x_wconf 91' lang='lat' dir='ltr'>prima</span> <span class='ocrx_word' id='word_1_270' title='bbox 1937 587 1979 622; x_wconf 91' lang='lat' dir='ltr'>et</span> <span class='ocrx_word' id='word_1_271' title='bbox 1999 594 2118 622; x_wconf 90' lang='lat' dir='ltr'>nona</span> 
     </span>
    </p>

    <p class='ocr_par' dir='ltr' id='par_1_30' title="bbox 1200 638 2117 754">
     <span class='ocr_line' id='line_1_62' title="bbox 1260 638 2115 695; baseline -0.001 -14"><span class='ocrx_word' id='word_1_272' title='bbox 1260 653 1338 681; x_wconf 91' lang='lat' dir='ltr'>cur</span> <span class='ocrx_word' id='word_1_273' title='bbox 1355 639 1521 682; x_wconf 81' lang='lat' dir='ltr'>caeteris</span> <span class='ocrx_word' id='word_1_274' title='bbox 1538 639 1804 695; x_wconf 84' lang='lat' dir='ltr'>praecellant,</span> <span class='ocrx_word' id='word_1_275' title='bbox 1820 638 1998 680; x_wconf 88' lang='lat' dir='ltr'><strong>xxxviii.</strong></span> <span class='ocrx_word' id='word_1_276' title='bbox 2016 648 2095 695; x_wconf 94' lang='lat'>771</span> <span class='ocrx_word' id='word_1_277' title='bbox 2106 671 2115 680; x_wconf 94' lang='lat'>.</span> 
     </span>
     <span class='ocr_line' id='line_1_63' title="bbox 1200 696 2117 754; baseline 0.001 -16"><span class='ocrx_word' id='word_1_278' title='bbox 1200 697 1399 752; x_wconf 69' lang='lat' dir='ltr'>Banym,</span> <span class='ocrx_word' id='word_1_279' title='bbox 1425 696 1636 748; x_wconf 89' lang='lat' dir='ltr'>Joannes,</span> <span class='ocrx_word' id='word_1_280' title='bbox 1669 697 1763 754; x_wconf 90' lang='lat' dir='ltr'>ejus</span> <span class='ocrx_word' id='word_1_281' title='bbox 1802 696 1903 739; x_wconf 89' lang='lat' dir='ltr'>libri</span> <span class='ocrx_word' id='word_1_282' title='bbox 1935 697 2117 747; x_wconf 88' lang='lat' dir='ltr'>mentio,</span> 
     </span>
    </p>

    <p class='ocr_par' dir='ltr' id='par_1_31' title="bbox 1260 755 1488 812">
     <span class='ocr_line' id='line_1_64' title="bbox 1260 755 1488 812; baseline 0.004 -16"><span class='ocrx_word' id='word_1_283' title='bbox 1260 755 1364 797; x_wconf 89' lang='grc' dir='ltr'>ΧΧ11.</span> <span class='ocrx_word' id='word_1_284' title='bbox 1387 766 1488 812; x_wconf 90' lang='lat'><strong>415.</strong></span> 
     </span>
    </p>

    <p class='ocr_par' dir='ltr' id='par_1_32' title="bbox 1202 812 2118 928">
     <span class='ocr_line' id='line_1_65' title="bbox 1202 812 2118 865; baseline 0.001 -10"><span class='ocrx_word' id='word_1_285' title='bbox 1202 813 1361 865; x_wconf 83' lang='lat' dir='ltr'>Barke,</span> <span class='ocrx_word' id='word_1_286' title='bbox 1388 813 1670 865; x_wconf 86' lang='lat' dir='ltr'>Edmundus,</span> <span class='ocrx_word' id='word_1_287' title='bbox 1698 813 1879 865; x_wconf 91' lang='lat' dir='ltr'>Rhetor,</span> <span class='ocrx_word' id='word_1_288' title='bbox 1909 828 2002 856; x_wconf 91' lang='lat' dir='ltr'>non</span> <span class='ocrx_word' id='word_1_289' title='bbox 2034 812 2118 856; x_wconf 92' lang='lat' dir='ltr'>Po-</span> 
     </span>
     <span class='ocr_line' id='line_1_66' title="bbox 1262 872 1520 928; baseline 0 -14"><span class='ocrx_word' id='word_1_290' title='bbox 1262 878 1344 922; x_wconf 88' lang='lat' dir='ltr'>eta,</span> <span class='ocrx_word' id='word_1_291' title='bbox 1367 872 1425 914; x_wconf 92' lang='lat' dir='ltr'>iii.</span> <span class='ocrx_word' id='word_1_292' title='bbox 1450 873 1520 928; x_wconf 89' lang='lat'>38.</span> 
     </span>
    </p>

    <p class='ocr_par' dir='ltr' id='par_1_33' title="bbox 1203 930 2122 1274">
     <span class='ocr_line' id='line_1_67' title="bbox 1203 930 2118 986; baseline 0 -14"><span class='ocrx_word' id='word_1_293' title='bbox 1203 930 1364 981; x_wconf 78' lang='lat' dir='ltr'>Barns,</span> <span class='ocrx_word' id='word_1_294' title='bbox 1399 931 1633 981; x_wconf 82' lang='lat' dir='ltr'>Robertus,</span> <span class='ocrx_word' id='word_1_295' title='bbox 1667 930 1761 986; x_wconf 85' lang='lat' dir='ltr'>ejus</span> <span class='ocrx_word' id='word_1_296' title='bbox 1799 930 1993 973; x_wconf 90' lang='lat' dir='ltr'>carmina</span> <span class='ocrx_word' id='word_1_297' title='bbox 2023 931 2118 973; x_wconf 90' lang='lat' dir='ltr'>lau-</span> 
     </span>
     <span class='ocr_line' id='line_1_68' title="bbox 1264 987 2118 1040; baseline 0 -10"><span class='ocrx_word' id='word_1_298' title='bbox 1264 987 1439 1040; x_wconf 89' lang='lat' dir='ltr'>dantur,</span> <span class='ocrx_word' id='word_1_299' title='bbox 1470 989 1514 1031; x_wconf 92' lang='lat' dir='ltr'>ii.</span> <span class='ocrx_word' id='word_1_300' title='bbox 1540 1003 1610 1032; x_wconf 88' lang='lat'>20.</span> <span class='ocrx_word' id='word_1_301' title='bbox 1661 988 1847 1031; x_wconf 89' lang='lat' dir='ltr'>Homeri</span> <span class='ocrx_word' id='word_1_302' title='bbox 1878 987 2118 1039; x_wconf 88' lang='lat' dir='ltr'>dissimilis,</span> 
     </span>
     <span class='ocr_line' id='line_1_69' title="bbox 1263 1046 2118 1104; baseline 0 -15"><span class='ocrx_word' id='word_1_303' title='bbox 1263 1047 1351 1090; x_wconf 91' lang='lat' dir='ltr'><strong>xiv.</strong></span> <span class='ocrx_word' id='word_1_304' title='bbox 1369 1048 1467 1103; x_wconf 90' lang='lat'><strong>238.</strong></span> <span class='ocrx_word' id='word_1_305' title='bbox 1500 1047 1673 1104; x_wconf 86' lang='lat' dir='ltr'>legebat</span> <span class='ocrx_word' id='word_1_306' title='bbox 1694 1048 1891 1103; x_wconf 88' lang='lat' dir='ltr'>priorum</span> <span class='ocrx_word' id='word_1_307' title='bbox 1909 1046 2118 1098; x_wconf 87' lang='lat' dir='ltr'>carmina,</span> 
     </span>
     <span class='ocr_line' id='line_1_70' title="bbox 1265 1079 2121 1149; baseline -0.001 -0.999"><span class='ocrx_word' id='word_1_308' title='bbox 1265 1106 1353 1149; x_wconf 89' lang='lat' dir='ltr'><strong>xvi.</strong></span> <span class='ocrx_word' id='word_1_309' title='bbox 1379 1107 1478 1149; x_wconf 87' lang='lat'><strong>281.</strong></span> <span class='ocrx_word' id='word_1_310' title='bbox 1530 1105 1694 1148; x_wconf 88' lang='lat' dir='ltr'>mirum</span> <span class='ocrx_word' id='word_1_311' title='bbox 1730 1106 1776 1148; x_wconf 89' lang='grc'>111</span> <span class='ocrx_word' id='word_1_312' title='bbox 1813 1104 1999 1148; x_wconf 86' lang='grc' dir='ltr'>111οᾱ11111</span> <span class='ocrx_word' id='word_1_313' title='bbox 2036 1079 2121 1148; x_wconf 83' lang='lat' dir='ltr'>sibi</span> 
     </span>
     <span class='ocr_line' id='line_1_71' title="bbox 1266 1163 2122 1220; baseline 0 -14"><span class='ocrx_word' id='word_1_314' title='bbox 1266 1163 1429 1220; x_wconf 89' lang='lat' dir='ltr'>dispar,</span> <span class='ocrx_word' id='word_1_315' title='bbox 1462 1164 1581 1207; x_wconf 90' lang='lat' dir='ltr'>xxiv.</span> <span class='ocrx_word' id='word_1_316' title='bbox 1605 1163 1705 1217; x_wconf 93' lang='lat'><strong>468.</strong></span> <span class='ocrx_word' id='word_1_317' title='bbox 1747 1164 1794 1206; x_wconf 92' lang='lat' dir='ltr'>in</span> <span class='ocrx_word' id='word_1_318' title='bbox 1826 1165 1920 1207; x_wconf 89' lang='lat' dir='ltr'>solo</span> <span class='ocrx_word' id='word_1_319' title='bbox 1951 1172 2122 1207; x_wconf 83' lang='lat' dir='ltr'>naturae</span> 
     </span>
     <span class='ocr_line' id='line_1_72' title="bbox 1265 1222 1785 1274; baseline 0.002 -10"><span class='ocrx_word' id='word_1_320' title='bbox 1265 1236 1413 1265; x_wconf 88' lang='lat' dir='ltr'>amore</span> <span class='ocrx_word' id='word_1_321' title='bbox 1436 1229 1660 1274; x_wconf 88' lang='lat' dir='ltr'>constans,</span> <span class='ocrx_word' id='word_1_322' title='bbox 1683 1222 1785 1265; x_wconf 84' lang='lat' dir='ltr'>ibid·</span> 
     </span>
    </p>

    <p class='ocr_par' dir='ltr' id='par_1_34' title="bbox 1205 1280 2121 1396">
     <span class='ocr_line' id='line_1_73' title="bbox 1205 1280 2121 1337; baseline 0.001 -15"><span class='ocrx_word' id='word_1_323' title='bbox 1205 1280 1410 1323; x_wconf 82' lang='lat' dir='ltr'>Butleras</span> <span class='ocrx_word' id='word_1_324' title='bbox 1447 1280 1668 1332; x_wconf 88' lang='lat' dir='ltr'>laudatur,</span> <span class='ocrx_word' id='word_1_325' title='bbox 1714 1280 1833 1325; x_wconf 90' lang='lat' dir='ltr'>xviii.</span> <span class='ocrx_word' id='word_1_326' title='bbox 1865 1294 1967 1337; x_wconf 89' lang='lat'><strong>322.</strong></span> <span class='ocrx_word' id='word_1_327' title='bbox 2019 1295 2121 1323; x_wconf 85' lang='lat' dir='ltr'><strong>xxv.</strong></span> 
     </span>
     <span class='ocr_line' id='line_1_74' title="bbox 1265 1352 1366 1396; baseline 0.047 -4"><span class='ocrx_word' id='word_1_328' title='bbox 1265 1352 1366 1396; x_wconf 90' lang='grc'>492·</span> 
     </span>
    </p>

    <p class='ocr_par' dir='ltr' id='par_1_35' title="bbox 1206 1396 2122 1558">
     <span class='ocr_line' id='line_1_75' title="bbox 1206 1396 2122 1464; baseline 0 -25"><span class='ocrx_word' id='word_1_329' title='bbox 1206 1397 1370 1453; x_wconf 79' lang='lat' dir='ltr'>Byron,</span> <span class='ocrx_word' id='word_1_330' title='bbox 1402 1397 1593 1464; x_wconf 55' lang='lat' dir='ltr'>Anglus,</span> <span class='ocrx_word' id='word_1_331' title='bbox 1627 1397 1951 1441; x_wconf 90' lang='lat' dir='ltr'>inverecundus</span> <span class='ocrx_word' id='word_1_332' title='bbox 1985 1404 2028 1439; x_wconf 89' lang='lat' dir='ltr'>et</span> <span class='ocrx_word' id='word_1_333' title='bbox 2059 1396 2122 1439; x_wconf 89' lang='lat' dir='ltr'>fe-</span> 
     </span>
     <span class='ocr_line' id='line_1_76' title="bbox 1265 1454 2123 1521; baseline -0.001 -23"><span class='ocrx_word' id='word_1_334' title='bbox 1265 1470 1360 1507; x_wconf 87' lang='lat' dir='ltr'>rox,</span> <span class='ocrx_word' id='word_1_335' title='bbox 1383 1456 1472 1498; x_wconf 88' lang='lat' dir='ltr'>xiii.</span> <span class='ocrx_word' id='word_1_336' title='bbox 1498 1469 1598 1498; x_wconf 86' lang='lat'><strong>222.</strong></span> <span class='ocrx_word' id='word_1_337' title='bbox 1631 1470 1807 1499; x_wconf 88' lang='lat' dir='ltr'>carmen</span> <span class='ocrx_word' id='word_1_338' title='bbox 1828 1456 1923 1512; x_wconf 88' lang='lat' dir='ltr'>ejus</span> <span class='ocrx_word' id='word_1_339' title='bbox 1946 1454 2000 1498; x_wconf 88' lang='lat' dir='ltr'>de</span> <span class='ocrx_word' id='word_1_340' title='bbox 2021 1469 2123 1521; x_wconf 90' lang='lat' dir='ltr'>cap-</span> 
     </span>
     <span class='ocr_line' id='line_1_77' title="bbox 1265 1513 2123 1564; baseline -0.002 -7"><span class='ocrx_word' id='word_1_341' title='bbox 1265 1514 1356 1558; x_wconf 89' lang='lat' dir='ltr'>tivo</span> <span class='ocrx_word' id='word_1_342' title='bbox 1389 1513 1445 1557; x_wconf 91' lang='lat' dir='ltr'>ad</span> <span class='ocrx_word' id='word_1_343' title='bbox 1479 1514 1646 1557; x_wconf 85' lang='lat' dir='ltr'>Lacum</span> <span class='ocrx_word' id='word_1_344' title='bbox 1678 1514 1937 1564; x_wconf 89' lang='lat' dir='ltr'>Lemanum,</span> <span class='ocrx_word' id='word_1_345' title='bbox 1970 1513 2123 1556; x_wconf 78' lang='lat' dir='ltr'><strong>xxviii.</strong></span> 
     </span>
    </p>
   </div>
   <div class='ocr_carea' id='block_1_8' title="bbox 1267 1572 2124 1688">
    <p class='ocr_par' dir='ltr' id='par_1_36' title="bbox 1267 1572 2124 1688">
     <span class='ocr_line' id='line_1_78' title="bbox 1267 1572 2124 1673; baseline -0.006 -54"><span class='ocrx_word' id='word_1_346' title='bbox 1267 1583 1367 1629; x_wconf 86' lang='lat'><strong>573.</strong></span> <span class='ocrx_word' id='word_1_347' title='bbox 1421 1587 1555 1673; x_wconf 78' lang='lat' dir='ltr'>q6uam</span> <span class='ocrx_word' id='word_1_348' title='bbox 1587 1572 1746 1616; x_wconf 88' lang='lat' dir='ltr'>habeat</span> <span class='ocrx_word' id='word_1_349' title='bbox 1780 1572 2124 1623; x_wconf 86' lang='lat' dir='ltr'>excusationem,</span> 
     </span>
     <span class='ocr_line' id='line_1_79' title="bbox 1267 1630 1534 1688; baseline 0 -15"><span class='ocrx_word' id='word_1_350' title='bbox 1267 1631 1414 1674; x_wconf 87' lang='lat' dir='ltr'>xxxiv.</span> <span class='ocrx_word' id='word_1_351' title='bbox 1434 1630 1534 1688; x_wconf 90' lang='lat'><strong>6.87</strong></span> 
     </span>
    </p>
   </div>
   <div class='ocr_carea' id='block_1_9' title="bbox 1644 1747 1696 1790">
    <p class='ocr_par' dir='ltr' id='par_1_37' title="bbox 1644 1747 1696 1790">
     <span class='ocr_line' id='line_1_80' title="bbox 1644 1747 1696 1790; baseline 0 0"><span class='ocrx_word' id='word_1_352' title='bbox 1644 1747 1696 1790; x_wconf 82' lang='lat' dir='ltr'>C.</span> 
     </span>
    </p>
   </div>
   <div class='ocr_carea' id='block_1_10' title="bbox 1215 1805 2137 3728">
    <p class='ocr_par' dir='ltr' id='par_1_38' title="bbox 1215 1805 2127 1921">
     <span class='ocr_line' id='line_1_81' title="bbox 1215 1805 2127 1856; baseline 0.001 -8"><span class='ocrx_word' id='word_1_353' title='bbox 1215 1806 1491 1849; x_wconf 79' lang='lat' dir='ltr'>Caerimonias</span> <span class='ocrx_word' id='word_1_354' title='bbox 1511 1806 1672 1850; x_wconf 86' lang='lat' dir='ltr'>habere</span> <span class='ocrx_word' id='word_1_355' title='bbox 1693 1805 1909 1849; x_wconf 90' lang='lat' dir='ltr'>rationem</span> <span class='ocrx_word' id='word_1_356' title='bbox 1922 1805 2127 1856; x_wconf 82' lang='lat' dir='ltr'>Poeticae,</span> 
     </span>
     <span class='ocr_line' id='line_1_82' title="bbox 1269 1879 1410 1921; baseline 0 -14"><span class='ocrx_word' id='word_1_357' title='bbox 1269 1879 1312 1908; x_wconf 93' lang='lat'>11.</span> <span class='ocrx_word' id='word_1_358' title='bbox 1339 1879 1410 1921; x_wconf 89' lang='lat'>23.</span> 
     </span>
    </p>

    <p class='ocr_par' dir='ltr' id='par_1_39' title="bbox 1216 1922 2127 2035">
     <span class='ocr_line' id='line_1_83' title="bbox 1216 1922 2127 1980; baseline -0.001 -14"><span class='ocrx_word' id='word_1_359' title='bbox 1216 1922 1403 1966; x_wconf 81' lang='lat' dir='ltr'>Caesaris</span> <span class='ocrx_word' id='word_1_360' title='bbox 1442 1922 1562 1980; x_wconf 90' lang='lat' dir='ltr'>apud</span> <span class='ocrx_word' id='word_1_361' title='bbox 1605 1922 1910 1979; x_wconf 89' lang='lat' dir='ltr'>Shaksperum</span> <span class='ocrx_word' id='word_1_362' title='bbox 1952 1922 2127 1973; x_wconf 88' lang='lat' dir='ltr'>umbra,</span> 
     </span>
     <span class='ocr_line' id='line_1_84' title="bbox 1270 1981 1484 2035; baseline 0.005 -12"><span class='ocrx_word' id='word_1_363' title='bbox 1270 1981 1359 2024; x_wconf 90' lang='lat' dir='ltr'><strong>xxi.</strong></span> <span class='ocrx_word' id='word_1_364' title='bbox 1383 1995 1484 2035; x_wconf 91' lang='lat'><strong>404.</strong></span> 
     </span>
    </p>

    <p class='ocr_par' dir='ltr' id='par_1_40' title="bbox 1217 2038 1812 2097">
     <span class='ocr_line' id='line_1_85' title="bbox 1217 2038 1812 2097; baseline 0 -15"><span class='ocrx_word' id='word_1_365' title='bbox 1217 2039 1424 2095; x_wconf 77' lang='lat' dir='ltr'>Caliyalae</span> <span class='ocrx_word' id='word_1_366' title='bbox 1445 2054 1603 2097; x_wconf 90' lang='lat' dir='ltr'>equus,</span> <span class='ocrx_word' id='word_1_367' title='bbox 1626 2038 1686 2081; x_wconf 92' lang='lat' dir='ltr'>xi.</span> <span class='ocrx_word' id='word_1_368' title='bbox 1715 2040 1812 2095; x_wconf 86' lang='lat'><strong>183.</strong></span> 
     </span>
    </p>

    <p class='ocr_par' dir='ltr' id='par_1_41' title="bbox 1217 2097 2128 2213">
     <span class='ocr_line' id='line_1_86' title="bbox 1217 2097 2127 2154; baseline -0.001 -14"><span class='ocrx_word' id='word_1_369' title='bbox 1217 2097 1402 2154; x_wconf 80' lang='lat' dir='ltr'>Calypso</span> <span class='ocrx_word' id='word_1_370' title='bbox 1432 2098 1575 2141; x_wconf 90' lang='lat' dir='ltr'>lenius</span> <span class='ocrx_word' id='word_1_371' title='bbox 1608 2111 1711 2140; x_wconf 91' lang='lat' dir='ltr'>cum</span> <span class='ocrx_word' id='word_1_372' title='bbox 1737 2098 1902 2154; x_wconf 89' lang='lat' dir='ltr'>Ulysse</span> <span class='ocrx_word' id='word_1_373' title='bbox 1933 2097 2036 2154; x_wconf 90' lang='lat' dir='ltr'>egit,</span> <span class='ocrx_word' id='word_1_374' title='bbox 2068 2097 2127 2139; x_wconf 91' lang='lat' dir='ltr'>xi.</span> 
     </span>
     <span class='ocr_line' id='line_1_87' title="bbox 1276 2155 2128 2213; baseline 0 -15"><span class='ocrx_word' id='word_1_375' title='bbox 1276 2155 1373 2213; x_wconf 87' lang='lat'><strong>176.</strong></span> <span class='ocrx_word' id='word_1_376' title='bbox 1407 2155 1461 2199; x_wconf 88' lang='lat' dir='ltr'>de</span> <span class='ocrx_word' id='word_1_377' title='bbox 1482 2170 1661 2198; x_wconf 89' lang='lat' dir='ltr'>nemore</span> <span class='ocrx_word' id='word_1_378' title='bbox 1682 2162 1724 2198; x_wconf 91' lang='lat' dir='ltr'>et</span> <span class='ocrx_word' id='word_1_379' title='bbox 1745 2162 1871 2199; x_wconf 91' lang='lat' dir='ltr'>antro</span> <span class='ocrx_word' id='word_1_380' title='bbox 1893 2155 2003 2212; x_wconf 90' lang='lat' dir='ltr'>ejus,</span> <span class='ocrx_word' id='word_1_381' title='bbox 2030 2156 2128 2211; x_wconf 92' lang='lat'><strong>185.</strong></span> 
     </span>
    </p>

    <p class='ocr_par' dir='ltr' id='par_1_42' title="bbox 1217 2213 2128 2271">
     <span class='ocr_line' id='line_1_88' title="bbox 1217 2213 2128 2271; baseline -0.001 -14"><span class='ocrx_word' id='word_1_382' title='bbox 1217 2214 1449 2258; x_wconf 81' lang='lat' dir='ltr'>Camarina</span> <span class='ocrx_word' id='word_1_383' title='bbox 1462 2229 1488 2257; x_wconf 93' lang='lat' dir='ltr'>a</span> <span class='ocrx_word' id='word_1_384' title='bbox 1502 2213 1694 2257; x_wconf 91' lang='lat' dir='ltr'>Pindaro</span> <span class='ocrx_word' id='word_1_385' title='bbox 1709 2213 1894 2270; x_wconf 89' lang='lat' dir='ltr'>depicta,</span> <span class='ocrx_word' id='word_1_386' title='bbox 1909 2230 2011 2258; x_wconf 91' lang='lat' dir='ltr'><strong>xxv.</strong></span> <span class='ocrx_word' id='word_1_387' title='bbox 2026 2213 2128 2271; x_wconf 91' lang='lat'><strong>506.</strong></span> 
     </span>
    </p>

    <p class='ocr_par' dir='ltr' id='par_1_43' title="bbox 1217 2271 1884 2329">
     <span class='ocr_line' id='line_1_89' title="bbox 1217 2271 1884 2329; baseline -0.001 -13"><span class='ocrx_word' id='word_1_388' title='bbox 1217 2273 1493 2316; x_wconf 81' lang='lat' dir='ltr'>Cambrorum</span> <span class='ocrx_word' id='word_1_389' title='bbox 1512 2271 1709 2324; x_wconf 89' lang='lat' dir='ltr'>Triades,</span> <span class='ocrx_word' id='word_1_390' title='bbox 1730 2273 1789 2316; x_wconf 89' lang='lat' dir='ltr'>iv.</span> <span class='ocrx_word' id='word_1_391' title='bbox 1812 2284 1884 2329; x_wconf 85' lang='lat'>53.</span> 
     </span>
    </p>

    <p class='ocr_par' dir='ltr' id='par_1_44' title="bbox 1219 2330 2129 2559">
     <span class='ocr_line' id='line_1_90' title="bbox 1219 2330 2129 2388; baseline -0.001 -14"><span class='ocrx_word' id='word_1_392' title='bbox 1219 2331 1356 2374; x_wconf 79' lang='lat' dir='ltr'>Canes</span> <span class='ocrx_word' id='word_1_393' title='bbox 1378 2332 1588 2388; x_wconf 89' lang='lat' dir='ltr'>Ulyssem</span> <span class='ocrx_word' id='word_1_394' title='bbox 1613 2330 1890 2382; x_wconf 86' lang='lat' dir='ltr'>adoriuntur,</span> <span class='ocrx_word' id='word_1_395' title='bbox 1912 2330 2002 2373; x_wconf 91' lang='lat' dir='ltr'>xiii.</span> <span class='ocrx_word' id='word_1_396' title='bbox 2028 2331 2129 2374; x_wconf 89' lang='lat'><strong>218.</strong></span> 
     </span>
     <span class='ocr_line' id='line_1_91' title="bbox 1273 2389 2129 2445; baseline -0.001 -13"><span class='ocrx_word' id='word_1_397' title='bbox 1273 2391 1388 2433; x_wconf 86' lang='lat' dir='ltr'>mala</span> <span class='ocrx_word' id='word_1_398' title='bbox 1409 2389 1650 2433; x_wconf 87' lang='lat' dir='ltr'>domestica</span> <span class='ocrx_word' id='word_1_399' title='bbox 1671 2389 1893 2440; x_wconf 89' lang='lat' dir='ltr'>divinant,</span> <span class='ocrx_word' id='word_1_400' title='bbox 1915 2389 2005 2431; x_wconf 87' lang='grc' dir='ltr'>Χ1Χ.</span> <span class='ocrx_word' id='word_1_401' title='bbox 2028 2402 2129 2445; x_wconf 91' lang='lat'><strong>340.</strong></span> 
     </span>
     <span class='ocr_line' id='line_1_92' title="bbox 1275 2447 2129 2503; baseline 0 -13"><span class='ocrx_word' id='word_1_402' title='bbox 1275 2462 1404 2491; x_wconf 90' lang='lat' dir='ltr'>canes</span> <span class='ocrx_word' id='word_1_403' title='bbox 1446 2454 1672 2498; x_wconf 85' lang='lat' dir='ltr'>venantes,</span> <span class='ocrx_word' id='word_1_404' title='bbox 1715 2447 1948 2490; x_wconf 90' lang='lat' dir='ltr'>Furiarum</span> <span class='ocrx_word' id='word_1_405' title='bbox 1991 2447 2129 2503; x_wconf 87' lang='lat' dir='ltr'>speci-</span> 
     </span>
     <span class='ocr_line' id='line_1_93' title="bbox 1274 2506 1644 2559; baseline -0.003 -10"><span class='ocrx_word' id='word_1_406' title='bbox 1274 2521 1392 2557; x_wconf 91' lang='lat' dir='ltr'>men,</span> <span class='ocrx_word' id='word_1_407' title='bbox 1415 2506 1519 2548; x_wconf 91' lang='lat' dir='ltr'><strong>xxii.</strong></span> <span class='ocrx_word' id='word_1_408' title='bbox 1542 2519 1644 2559; x_wconf 89' lang='grc'>422.</span> 
     </span>
    </p>

    <p class='ocr_par' dir='ltr' id='par_1_45' title="bbox 1221 2554 2130 2679">
     <span class='ocr_line' id='line_1_94' title="bbox 1221 2554 2130 2630; baseline 0 -24"><span class='ocrx_word' id='word_1_409' title='bbox 1221 2564 1491 2630; x_wconf 78' lang='lat' dir='ltr'>Capellaram</span> <span class='ocrx_word' id='word_1_410' title='bbox 1531 2563 1650 2621; x_wconf 90' lang='lat' dir='ltr'>apud</span> <span class='ocrx_word' id='word_1_411' title='bbox 1692 2554 1930 2620; x_wconf 86' lang='lat' dir='ltr'>Virgilium</span> <span class='ocrx_word' id='word_1_412' title='bbox 1971 2563 2130 2619; x_wconf 89' lang='lat' dir='ltr'>pastio,</span> 
     </span>
     <span class='ocr_line' id='line_1_95' title="bbox 1274 2623 1563 2679; baseline -0.008 -13"><span class='ocrx_word' id='word_1_413' title='bbox 1274 2623 1438 2666; x_wconf 87' lang='lat' dir='ltr'><strong>xxxvii.</strong></span> <span class='ocrx_word' id='word_1_414' title='bbox 1464 2623 1563 2679; x_wconf 91' lang='lat'><strong>748.</strong></span> 
     </span>
    </p>

    <p class='ocr_par' dir='ltr' id='par_1_46' title="bbox 1221 2679 2134 2899">
     <span class='ocr_line' id='line_1_96' title="bbox 1221 2679 2133 2737; baseline -0.001 -13"><span class='ocrx_word' id='word_1_415' title='bbox 1221 2681 1423 2724; x_wconf 84' lang='lat' dir='ltr'>Carmina</span> <span class='ocrx_word' id='word_1_416' title='bbox 1463 2695 1603 2737; x_wconf 92' lang='lat' dir='ltr'>pauca</span> <span class='ocrx_word' id='word_1_417' title='bbox 1643 2695 1696 2723; x_wconf 92' lang='lat' dir='ltr'><strong>ex</strong></span> <span class='ocrx_word' id='word_1_418' title='bbox 1738 2680 1926 2736; x_wconf 88' lang='lat' dir='ltr'>simplici</span> <span class='ocrx_word' id='word_1_419' title='bbox 1972 2679 2133 2723; x_wconf 84' lang='lat' dir='ltr'>affectu</span> 
     </span>
     <span class='ocr_line' id='line_1_97' title="bbox 1276 2738 2132 2796; baseline -0.002 -14"><span class='ocrx_word' id='word_1_420' title='bbox 1276 2739 1394 2790; x_wconf 89' lang='lat' dir='ltr'>oriri,</span> <span class='ocrx_word' id='word_1_421' title='bbox 1426 2739 1484 2782; x_wconf 91' lang='lat' dir='ltr'>vi.</span> <span class='ocrx_word' id='word_1_422' title='bbox 1509 2749 1578 2796; x_wconf 93' lang='lat'>77.</span> <span class='ocrx_word' id='word_1_423' title='bbox 1624 2738 1895 2781; x_wconf 89' lang='lat' dir='ltr'>carminibus</span> <span class='ocrx_word' id='word_1_424' title='bbox 1927 2739 2132 2781; x_wconf 88' lang='lat' dir='ltr'>scelesto-</span> 
     </span>
     <span class='ocr_line' id='line_1_98' title="bbox 1276 2795 2134 2848; baseline -0.001 -8"><span class='ocrx_word' id='word_1_425' title='bbox 1276 2812 1376 2840; x_wconf 91' lang='lat' dir='ltr'>rum</span> <span class='ocrx_word' id='word_1_426' title='bbox 1436 2797 1580 2840; x_wconf 89' lang='lat' dir='ltr'>bonos</span> <span class='ocrx_word' id='word_1_427' title='bbox 1640 2796 1863 2840; x_wconf 89' lang='lat' dir='ltr'>interdum</span> <span class='ocrx_word' id='word_1_428' title='bbox 1915 2795 2134 2848; x_wconf 91' lang='lat' dir='ltr'>delectari,</span> 
     </span>
     <span class='ocr_line' id='line_1_99' title="bbox 1277 2854 1548 2899; baseline 0 -1"><span class='ocrx_word' id='word_1_429' title='bbox 1277 2855 1425 2899; x_wconf 87' lang='lat' dir='ltr'><strong>xxxiv.</strong></span> <span class='ocrx_word' id='word_1_430' title='bbox 1448 2854 1548 2898; x_wconf 90' lang='lat'><strong>681.</strong></span> 
     </span>
    </p>

    <p class='ocr_par' dir='ltr' id='par_1_47' title="bbox 1225 2913 2135 3494">
     <span class='ocr_line' id='line_1_100' title="bbox 1225 2913 2133 2969; baseline -0.001 -12"><span class='ocrx_word' id='word_1_431' title='bbox 1225 2913 1480 2957; x_wconf 61' lang='lat' dir='ltr'>Cassandra?</span> <span class='ocrx_word' id='word_1_432' title='bbox 1509 2914 1733 2964; x_wconf 90' lang='lat' dir='ltr'>introitus,</span> <span class='ocrx_word' id='word_1_433' title='bbox 1765 2913 1883 2956; x_wconf 91' lang='lat' dir='ltr'>xviii.</span> <span class='ocrx_word' id='word_1_434' title='bbox 1907 2914 2008 2969; x_wconf 89' lang='lat'><strong>318.</strong></span> <span class='ocrx_word' id='word_1_435' title='bbox 2054 2927 2133 2956; x_wconf 84' lang='lat' dir='ltr'>cur</span> 
     </span>
     <span class='ocr_line' id='line_1_101' title="bbox 1279 2971 2133 3028; baseline -0.001 -13"><span class='ocrx_word' id='word_1_436' title='bbox 1279 2987 1330 3015; x_wconf 89' lang='lat' dir='ltr'>ea</span> <span class='ocrx_word' id='word_1_437' title='bbox 1388 2972 1554 3015; x_wconf 91' lang='lat' dir='ltr'>nemini</span> <span class='ocrx_word' id='word_1_438' title='bbox 1602 2987 1648 3014; x_wconf 91' lang='lat' dir='ltr'>se</span> <span class='ocrx_word' id='word_1_439' title='bbox 1692 2971 1861 3028; x_wconf 89' lang='lat' dir='ltr'>probet,</span> <span class='ocrx_word' id='word_1_440' title='bbox 1914 2985 2015 3028; x_wconf 90' lang='lat'><strong>320.</strong></span> <span class='ocrx_word' id='word_1_441' title='bbox 2078 2986 2133 3014; x_wconf 89' lang='lat' dir='ltr'>ne</span> 
     </span>
     <span class='ocr_line' id='line_1_102' title="bbox 1281 3029 2133 3096; baseline -0.002 -22"><span class='ocrx_word' id='word_1_442' title='bbox 1281 3030 1429 3075; x_wconf 87' lang='lat' dir='ltr'>Choro</span> <span class='ocrx_word' id='word_1_443' title='bbox 1461 3029 1655 3096; x_wconf 90' lang='lat' dir='ltr'>quidem,</span> <span class='ocrx_word' id='word_1_444' title='bbox 1677 3045 1749 3072; x_wconf 87' lang='lat' dir='ltr'>xx.</span> <span class='ocrx_word' id='word_1_445' title='bbox 1772 3040 1873 3087; x_wconf 92' lang='lat'><strong>372,</strong></span> <span class='ocrx_word' id='word_1_446' title='bbox 1896 3040 1997 3087; x_wconf 91' lang='lat'><strong>377.</strong></span> <span class='ocrx_word' id='word_1_447' title='bbox 2040 3031 2133 3073; x_wconf 93' lang='lat' dir='ltr'>lus-</span> 
     </span>
     <span class='ocr_line' id='line_1_103' title="bbox 1279 3088 2133 3145; baseline 0 -14"><span class='ocrx_word' id='word_1_448' title='bbox 1279 3089 1405 3132; x_wconf 89' lang='lat' dir='ltr'>ciniae</span> <span class='ocrx_word' id='word_1_449' title='bbox 1436 3088 1659 3131; x_wconf 90' lang='lat' dir='ltr'>mentione</span> <span class='ocrx_word' id='word_1_450' title='bbox 1681 3088 2011 3145; x_wconf 85' lang='lat' dir='ltr'>quodammodo</span> <span class='ocrx_word' id='word_1_451' title='bbox 2032 3103 2133 3131; x_wconf 89' lang='lat' dir='ltr'>evo-</span> 
     </span>
     <span class='ocr_line' id='line_1_104' title="bbox 1278 3147 2135 3204; baseline 0 -15"><span class='ocrx_word' id='word_1_452' title='bbox 1278 3149 1352 3198; x_wconf 88' lang='lat' dir='ltr'>lat,</span> <span class='ocrx_word' id='word_1_453' title='bbox 1386 3147 1474 3189; x_wconf 90' lang='lat' dir='ltr'><strong>xix.</strong></span> <span class='ocrx_word' id='word_1_454' title='bbox 1507 3160 1608 3203; x_wconf 85' lang='lat'><strong>340.</strong></span> <span class='ocrx_word' id='word_1_455' title='bbox 1661 3147 1755 3204; x_wconf 81' lang='lat' dir='ltr'>ejus</span> <span class='ocrx_word' id='word_1_456' title='bbox 1787 3161 1975 3203; x_wconf 87' lang='lat' dir='ltr'>persona</span> <span class='ocrx_word' id='word_1_457' title='bbox 2009 3161 2135 3202; x_wconf 81' lang='lat' dir='ltr'>paene</span> 
     </span>
     <span class='ocr_line' id='line_1_105' title="bbox 1280 3203 2134 3262; baseline 0 -14"><span class='ocrx_word' id='word_1_458' title='bbox 1280 3211 1571 3256; x_wconf 88' lang='lat' dir='ltr'>sacrosancta,</span> <span class='ocrx_word' id='word_1_459' title='bbox 1594 3221 1667 3247; x_wconf 88' lang='lat' dir='ltr'>xx.</span> <span class='ocrx_word' id='word_1_460' title='bbox 1683 3203 1784 3261; x_wconf 88' lang='grc'>376.</span> <span class='ocrx_word' id='word_1_461' title='bbox 1815 3220 1918 3248; x_wconf 88' lang='lat' dir='ltr'>cum</span> <span class='ocrx_word' id='word_1_462' title='bbox 1941 3204 1995 3248; x_wconf 91' lang='lat' dir='ltr'>Cl</span> <span class='ocrx_word' id='word_1_463' title='bbox 1978 3206 2134 3262; x_wconf 89' lang='lat' dir='ltr'>l-ytem</span> 
     </span>
     <span class='ocr_line' id='line_1_106' title="bbox 1280 3263 2134 3320; baseline 0 -14"><span class='ocrx_word' id='word_1_464' title='bbox 1280 3270 1428 3306; x_wconf 89' lang='lat' dir='ltr'>nestra</span> <span class='ocrx_word' id='word_1_465' title='bbox 1447 3263 1743 3319; x_wconf 89' lang='lat' dir='ltr'>componitur,</span> <span class='ocrx_word' id='word_1_466' title='bbox 1766 3274 1866 3320; x_wconf 89' lang='lat'><strong>377.</strong></span> <span class='ocrx_word' id='word_1_467' title='bbox 1905 3277 1994 3320; x_wconf 93' lang='lat' dir='ltr'>quo</span> <span class='ocrx_word' id='word_1_468' title='bbox 2015 3270 2134 3306; x_wconf 86' lang='lat' dir='ltr'>tene-</span> 
     </span>
     <span class='ocr_line' id='line_1_107' title="bbox 1281 3321 2135 3378; baseline -0.001 -14"><span class='ocrx_word' id='word_1_469' title='bbox 1281 3321 1382 3371; x_wconf 86' lang='lat' dir='ltr'>rior,</span> <span class='ocrx_word' id='word_1_470' title='bbox 1405 3336 1456 3364; x_wconf 90' lang='lat' dir='ltr'>eo</span> <span class='ocrx_word' id='word_1_471' title='bbox 1478 3321 1729 3372; x_wconf 88' lang='lat' dir='ltr'>terribilior,</span> <span class='ocrx_word' id='word_1_472' title='bbox 1747 3322 1849 3378; x_wconf 90' lang='lat'><strong>378.</strong></span> <span class='ocrx_word' id='word_1_473' title='bbox 1873 3335 1953 3364; x_wconf 88' lang='lat' dir='ltr'>cur</span> <span class='ocrx_word' id='word_1_474' title='bbox 1973 3336 2023 3364; x_wconf 87' lang='lat' dir='ltr'>ea</span> <span class='ocrx_word' id='word_1_475' title='bbox 2043 3328 2135 3364; x_wconf 84' lang='lat' dir='ltr'>tam</span> 
     </span>
     <span class='ocr_line' id='line_1_108' title="bbox 1281 3378 2134 3437; baseline 0 -15"><span class='ocrx_word' id='word_1_476' title='bbox 1281 3380 1406 3423; x_wconf 86' lang='lat' dir='ltr'>facile</span> <span class='ocrx_word' id='word_1_477' title='bbox 1437 3380 1533 3422; x_wconf 90' lang='lat' dir='ltr'>neci</span> <span class='ocrx_word' id='word_1_478' title='bbox 1555 3394 1601 3422; x_wconf 88' lang='lat' dir='ltr'>se</span> <span class='ocrx_word' id='word_1_479' title='bbox 1621 3378 1780 3429; x_wconf 89' lang='lat' dir='ltr'>tradat,</span> <span class='ocrx_word' id='word_1_480' title='bbox 1803 3390 1904 3436; x_wconf 90' lang='lat'><strong>379.</strong></span> <span class='ocrx_word' id='word_1_481' title='bbox 1942 3379 2134 3437; x_wconf 89' lang='lat' dir='ltr'>AEschy-</span> 
     </span>
     <span class='ocr_line' id='line_1_109' title="bbox 1281 3437 2067 3494; baseline -0.001 -14"><span class='ocrx_word' id='word_1_482' title='bbox 1281 3439 1359 3481; x_wconf 88' lang='lat' dir='ltr'>leae</span> <span class='ocrx_word' id='word_1_483' title='bbox 1381 3437 1541 3481; x_wconf 90' lang='lat' dir='ltr'>indolis</span> <span class='ocrx_word' id='word_1_484' title='bbox 1565 3438 1802 3494; x_wconf 89' lang='lat' dir='ltr'>specimen,</span> <span class='ocrx_word' id='word_1_485' title='bbox 1823 3437 1943 3480; x_wconf 87' lang='lat' dir='ltr'>xxiii.</span> <span class='ocrx_word' id='word_1_486' title='bbox 1967 3451 2067 3491; x_wconf 90' lang='lat'><strong>441.</strong></span> 
     </span>
    </p>

    <p class='ocr_par' dir='ltr' id='par_1_48' title="bbox 1228 3495 2135 3612">
     <span class='ocr_line' id='line_1_110' title="bbox 1228 3495 2135 3552; baseline -0.001 -13"><span class='ocrx_word' id='word_1_487' title='bbox 1228 3496 1457 3540; x_wconf 83' lang='lat' dir='ltr'>Castitatis</span> <span class='ocrx_word' id='word_1_488' title='bbox 1496 3503 1641 3552; x_wconf 87' lang='lat' dir='ltr'>partes</span> <span class='ocrx_word' id='word_1_489' title='bbox 1683 3511 1785 3539; x_wconf 90' lang='lat' dir='ltr'>cum</span> <span class='ocrx_word' id='word_1_490' title='bbox 1831 3495 1989 3552; x_wconf 91' lang='lat' dir='ltr'>pietate</span> <span class='ocrx_word' id='word_1_491' title='bbox 2030 3510 2135 3539; x_wconf 92' lang='lat' dir='ltr'>con-</span> 
     </span>
     <span class='ocr_line' id='line_1_111' title="bbox 1276 3553 1723 3612; baseline -0.002 -15"><span class='ocrx_word' id='word_1_492' title='bbox 1276 3555 1458 3612; x_wconf 83' lang='lat' dir='ltr'>junctae,</span> <span class='ocrx_word' id='word_1_493' title='bbox 1480 3554 1600 3597; x_wconf 85' lang='lat' dir='ltr'>xxiii.</span> <span class='ocrx_word' id='word_1_494' title='bbox 1623 3553 1723 3608; x_wconf 92' lang='lat'><strong>464.</strong></span> 
     </span>
    </p>

    <p class='ocr_par' dir='ltr' id='par_1_49' title="bbox 1229 3612 2137 3728">
     <span class='ocr_line' id='line_1_112' title="bbox 1229 3612 2137 3668; baseline -0.001 -12"><span class='ocrx_word' id='word_1_495' title='bbox 1229 3613 1387 3656; x_wconf 78' lang='lat' dir='ltr'>Castra</span> <span class='ocrx_word' id='word_1_496' title='bbox 1418 3612 1535 3668; x_wconf 91' lang='lat' dir='ltr'>apud</span> <span class='ocrx_word' id='word_1_497' title='bbox 1567 3612 1817 3654; x_wconf 90' lang='lat' dir='ltr'>Homerum</span> <span class='ocrx_word' id='word_1_498' title='bbox 1849 3612 2086 3664; x_wconf 87' lang='lat' dir='ltr'>clamosa,</span> <span class='ocrx_word' id='word_1_499' title='bbox 2077 3627 2137 3655; x_wconf 88' lang='grc' dir='ltr'>1Χ.</span> 
     </span>
     <span class='ocr_line' id='line_1_113' title="bbox 1289 3670 1782 3728; baseline -0.004 -14"><span class='ocrx_word' id='word_1_500' title='bbox 1289 3682 1383 3728; x_wconf 91' lang='lat'><strong>127.</strong></span> <span class='ocrx_word' id='word_1_501' title='bbox 1415 3670 1666 3728; x_wconf 84' lang='lat' dir='ltr'>tranquilla,</span> <span class='ocrx_word' id='word_1_502' title='bbox 1686 3684 1782 3726; x_wconf 91' lang='lat'><strong>129.</strong></span> 
     </span>
    </p>
   </div>
  </div>
 </body>
</html>
