2288 4036
268 197 376 252 750
572 196 819 262 Εἰρωιέία
847 195 903 246 in¹
931 192 1247 247 animalibus
1272 194 1627 248 describendis.
1681 214 1840 249 PRAEL.
1862 208 2070 250 xxxvnss

266 346 412 402 fecit
460 345 668 412 Poeta,
700 351 771 401 ut
814 344 1017 401 omnia
1063 343 1413 401 viderentur
1457 344 1640 421 ipsius
1675 345 1922 420 juvenci
1971 345 2074 403 de-

265 444 489 502 clarare
552 450 836 509 moestum
899 443 1160 500 orbitate
1220 442 1510 500 animum.
1617 442 1718 502 Sic
1777 444 2072 503 humanos

264 563 441 621 poene
473 543 724 601 affectus
755 561 1074 618 moresque
1105 541 1356 619 principi
1397 544 1628 619 pecoris
1658 544 1934 602 consulto
1968 546 2071 603 sed

267 643 453 700 tacite
498 642 731 699 tribuit.
823 641 1063 699 Deinde
1118 641 1378 698 rationes
1431 641 1697 708 adducit,
1745 662 1851 700 cur
1894 642 2073 701 solito

265 741 469 799 durior
499 741 797 799 habeatur
826 739 1068 797 illorum
1101 758 1289 798 casus.

509 849 645 898 Quid·
657 850 786 895 labor
807 856 887 894 aut
907 849 1143 894 benefacta
1157 850 1355 908 juvant?
1390 849 1500 909 quid
1521 865 1703 895 vomere
1724 858 1867 896 terras

509 924 757 970 Invertisse
778 927 972 982 graves?
1007 924 1135 984 atqui
1156 939 1251 969 non
1274 924 1474 969 Massica
1498 923 1667 970 Bacchi

507 999 720 1051 Munera,
738 1014 834 1043 non
855 998 943 1043 illis
965 999 1111 1057 epulae
1134 1013 1330 1043 nocuere
1351 1005 1572 1056 repostae:

508 1073 543 1117 F
544 1072 768 1118 rondibus
791 1079 835 1117 et
855 1072 980 1117 victu
1002 1080 1256 1131 pascuntur
1277 1073 1495 1132 simplicis
1517 1073 1699 1127 herbae3

508 1146 678 1191 Pocula
700 1153 809 1190 sunt
830 1146 979 1190 fontes
1000 1146 1178 1206 liquidi,
1203 1154 1337 1207 atque
1358 1148 1553 1192 exercita
1573 1163 1714 1192 cursu

508 1219 749 1273 Flumina3
784 1235 868 1264 nec
892 1235 1079 1265 somnos
1102 1220 1333 1279 abrumpit
1355 1236 1465 1266 cura
1486 1222 1707 1268 salubres.

263 1312 619 1391 Intelligitis
665 1331 798 1369 eam
847 1331 978 1370 esse
1023 1313 1305 1371 carminis
1346 1313 1488 1381 vim,
1528 1332 1659 1389 quae
1704 1314 1922 1373 bovem
1969 1317 2074 1374 do:-

262 1422 398 1472 ceat
423 1433 495 1471 ea
517 1412 661 1490 pati,
686 1432 808 1470 non
832 1412 1208 1470 immeritum
1233 1413 1432 1482 mod0,
1454 1432 1664 1471 verum
1698 1415 1884 1473 etiam
1905 1418 2072 1493 quasi

262 1513 566 1590 quendam
615 1531 893 1571 severum
938 1531 1009 1570 ac
1048 1512 1247 1591 frugi;
1294 1531 1434 1570 cum
1477 1512 1683 1571 dedita
1728 1534 1910 1592 opera
1953 1536 2075 1574 ser-

259 1621 439 1672 vetur
487 1614 537 1671 is
592 1631 774 1670 sonus
822 1612 1163 1681 verborum,
1212 1613 1317 1689 qui
1364 1612 1441 1671 ad
1493 1611 1801 1671 hominem
1851 1617 2073 1692 pariter

260 1714 469 1778 referri
500 1713 690 1791 possit
721 1721 906 1790 atque
952 1713 1027 1771 ad
1077 1713 1352 1771 bestiam.
1446 1713 1528 1771 Et
1559 1698 1694 1791 quis
1724 1718 1935 1781 nescit,
1968 1717 2071 1774 illo

261 1823 475 1873 tenore
518 1814 682 1890 loqui
726 1813 948 1890 saepius
993 1812 1387 1892 agricultores
1418 1814 1494 1872 de
1535 1815 1784 1873 canibus
1826 1816 1964 1885 suiS,
1997 1817 2073 1874 de

264 1914 484 1983 bubus,
518 1913 593 1971 de
626 1913 791 1969 omni
824 1913 1081 1990 pecore?

354 2012 566 2090 Atque
622 2012 756 2070 haec
807 2013 1052 2090 quidem
1108 2015 1280 2072 serio,
1393 2012 1513 2072 Sed
1574 2013 1635 2070 in
1688 2033 1760 2071 ea
1819 2015 2078 2073 materie

260 2114 478 2171 festive
531 2112 890 2191 plerumque
944 2113 1071 2192 agit
1119 2113 1428 2192 Virgilius,
1472 2120 1535 2171 et
1589 2133 1757 2171 suam
1805 2115 2072 2192 εἰρωνείαν

260 2211 543 2271 adhibet:
604 2232 725 2270 non
770 2212 947 2271 aliter
990 2232 1060 2270 ac
1106 2212 1303 2270 solent
1349 2213 1562 2289 saepius
1607 2222 1886 2289 parentes
1932 2234 2071 2272 cum

259 2309 593 2368 infantibus
626 2311 747 2369 suis
779 2310 1005 2380 ludere,
1038 2311 1283 2389 vimque
1328 2311 1495 2369 illam
1533 2311 1945 2370 abundantem
1977 2332 2073 2370 ca-

259 2410 457 2467 ritatis
499 2410 681 2468 simul
724 2417 787 2468 et
832 2417 1043 2489 tegere
1089 2417 1152 2468 et
1198 2411 1526 2470 effundere.
1618 2411 1758 2488 Ipsa
1802 2431 1865 2469 se
1912 2411 2071 2470 ultro

261 2509 521 2568 effundit
552 2509 876 2579 videlicet3
917 2517 1144 2569 tectam
1191 2517 1395 2568 autem
1437 2509 1666 2577 volunt,
1698 2511 1858 2587 quod
1905 2519 2076 2568 certo*

262 2611 477 2678 sciunt,
533 2610 661 2669 fore
722 2618 792 2668 ut
845 2611 1075 2668 caeteris
1135 2610 1324 2667 nimia
1376 2619 1439 2667 et
1499 2609 1724 2668 insulsa
1780 2609 2069 2666 videatur.

263 2709 491 2779 Quidni
523 2717 811 2787 putemus
855 2710 917 2766 id
963 2730 1155 2788 genus
1186 2730 1332 2778 esse,
1365 2731 1498 2787 quae
1528 2731 1565 2769 a
1597 2709 1857 2788 Virgilio
1891 2710 2071 2767 toties

261 2810 644 2879 adhibentur,
676 2809 946 2868 molliter
975 2830 1113 2868 cum
1153 2810 1362 2887 primis
1393 2819 1456 2868 et
1488 2810 1701 2879 facete,
1736 2811 1810 2867 de
1846 2810 2071 2867 anima-

261 2908 410 2967 lium
449 2909 721 2968 moribus
760 2917 823 2968 et
866 2908 1111 2968 indole?
1203 2909 1453 2986 Saepius,
1485 2910 1633 2967 mihi
1681 2910 1926 2976 credite,
1959 2909 2070 2966 sub

261 3009 366 3068 illa
416 3009 683 3067 ludentis
736 3009 935 3086 specie
990 3007 1143 3067 latet
1197 3028 1303 3067 seu
1354 3010 1594 3087 gravius
1648 3009 1890 3085 aliquod
1945 3010 2069 3067 sive

262 3108 545 3176 tenerius,
579 3127 761 3184 quam
795 3108 956 3185 quod
994 3106 1171 3166 facile
1217 3107 1414 3167 latura
1450 3116 1579 3167 erat
1624 3109 1891 3167 maxima
1934 3124 2069 3185 pars

262 3226 472 3265 eorum
494 3206 597 3283 qui
622 3226 827 3265 versus
858 3206 1088 3285 legunt.
1158 3207 1352 3267 Verbi
1385 3209 1613 3286 gratia:
1663 3208 1844 3285 signis
1876 3208 2068 3265 sereni

261 3306 552 3383 temporis
607 3306 865 3364 adscribi
908 3307 1100 3365 voluit
1150 3306 1343 3365 Poeta
1390 3328 1603 3386 greges
1655 3309 1879 3377 avium,
1926 3314 2069 3364 nota

261 3406 470 3464 limina
503 3406 912 3482 repetentium
935 3417 978 3464 (³.

503 3516 624 3559 Tum
646 3516 842 3575 liquidas
865 3517 989 3561 corvi
1010 3532 1167 3575 presso
1189 3525 1257 3562 ter
1278 3525 1463 3576 gutture
1486 3532 1618 3562 voces

965 3656 983 3681 ‘³
1010 3649 1169 3706 Geory.
1200 3663 1237 3693 1.
1262 3663 1366 3703 410.
