2288 4036
946 220 1305 271 INDEX.
1984 224 2089 274 825

172 348 343 392 Alauda
393 350 484 392 avis
527 365 629 393 cum
673 349 864 393 Pindaro
905 364 1085 406 compo-

231 408 365 459 nitur,
389 409 504 451 xxvi.
523 419 623 462 521.

173 464 332 508 Albani
363 466 499 522 Reqes
524 481 547 508 a
570 466 755 523 Virgilio
787 481 889 509 cum
917 466 1086 509 honore

231 525 474 575 memorati,
497 525 646 567 xxxiX.
670 525 768 581 788.

173 581 355 632 Alea-as,
379 583 465 625 xvi.
485 583 584 625 282.
618 583 712 639 ejus
741 589 931 625 metrum
961 582 1085 624 belli-

232 640 527 692 cosissimum,
566 642 665 697 283.
713 641 806 698 ejus
841 640 974 684 verba
1009 655 1086 696 po-

232 705 417 750 nuntur,
439 699 544 742 ibid.

173 754 363 822 Alcestis
400 758 519 813 apud
561 757 818 814 Euripidem
859 757 1086 808 moritura,

232 829 351 857 xxnc.
370 825 470 872 597.

173 871 345 915 Alcinoi
366 873 536 924 hortus,
559 874 630 917 xii.
658 888 755 932 193.
806 888 893 931 qua
923 873 960 916 is
992 874 1087 929 glo-

231 931 296 973 ria
326 930 580 983 delectetur,
607 948 702 989 194.
751 933 845 990 ejus
875 932 922 974 in
952 932 1086 988 Ulys-

233 1003 326 1032 sem
346 990 663 1042 benevolentia,
686 1002 782 1048 195.
825 991 918 1048 ejus
940 991 1088 1046 epula-

233 1061 333 1090 rum
354 1049 479 1100 ratio,
505 1064 604 1106 203.
637 1064 741 1106 opes
774 1050 867 1106 ejus
900 1048 1087 1091 admira-

232 1112 306 1148 tur
321 1106 529 1164 UIysses,
551 1109 639 1151 xiv.
665 1122 763 1165 232.
804 1107 979 1165 Ulyssis
1011 1122 1087 1164 ga-

233 1178 305 1206 zas
328 1164 439 1208 bene
460 1167 666 1223 componi
683 1173 821 1217 curat,
837 1180 937 1223 233.
954 1166 1090 1222 jactat

233 1235 280 1264 se
303 1222 503 1267 Deorum
523 1225 789 1276 interventu,
812 1240 884 1268 xv.
909 1224 1009 1280 258.

172 1279 389 1347 Alcmagon
427 1283 606 1326 Pindari
646 1283 844 1326 tutelaris
882 1283 1088 1333 Daemon,

231 1352 490 1398 xxvn.557.

172 1395 410 1440 Alemandri
432 1400 588 1456 Magni
609 1399 844 1456 navigatio,
867 1399 926 1442 xi.
946 1410 1042 1456 171.

173 1454 450 1500 Alea-idamus
490 1457 610 1515 apud
654 1458 913 1509 Pindarum,
955 1457 1087 1500 xxvii.

232 1514 333 1569 548·

174 1570 329 1638 Aliena
365 1579 549 1616 cantans
583 1573 809 1617 interdum
841 1573 1088 1625 delectabit,

233 1645 290 1674 vl.
375 1664 384 1674 .

173 1687 394 1745 Alleyoria
428 1690 475 1732 in
506 1689 710 1749 AEschyli
741 1692 1089 1748 Agamemnone,

232 1762 306 1790 xx.
329 1747 429 1805 366.
472 1763 568 1791 eam
599 1750 674 1807 qui
706 1756 935 1806 spernunt,
970 1763 1090 1805 sper-

236 1813 345 1849 nent
375 1807 506 1849 etiam
537 1815 702 1859 nostra,
725 1808 829 1851 xxii.
854 1822 955 1861 414.
989 1822 1089 1864 pro-

233 1864 330 1920 pria'
359 1865 452 1922 ejus
483 1866 563 1917 vis,
586 1878 686 1923 415.
729 1867 973 1924 pastoralis,
1006 1881 1089 1923 pu—

234 1922 331 1965 dori
351 1924 556 1974 consulit,
579 1925 697 1969 xxiv.
720 1937 821 1983 470.
864 1931 990 1968 vocat
1011 1939 1089 1967 na-

233 1988 380 2038 turam
400 1982 446 2024 in
467 1990 628 2039 partes,
647 1995 749 2041 471.
784 1983 1015 2026 Pindarica
1037 1982 1090 2026 de

233 2041 465 2097 gymnasio
487 2049 677 2098 sumpta,
700 2043 818 2086 xxvi.
841 2055 942 2095 520.

174 2096 308 2154 Alpes
328 2099 584 2156 longinquae
612 2100 725 2152 licet,
749 2100 936 2157 Virgilio
958 2099 1090 2143 dilec-

233 2162 306 2207 tae,
328 2157 507 2200 xxxviii.
532 2168 631 2215 771.

174 2213 344 2257 Althaea
365 2215 612 2259 facinorosa
631 2216 801 2268 mulier,
825 2217 913 2260 xxi.
937 2230 1038 2274 394.

174 2271 470 2317 Althaemenes
492 2274 635 2318 Cretae
657 2275 866 2333 οἰκιστὴρ,
884 2275 971 2319 xvi.
989 2275 1088 2332 267.

175 2330 413 2387 Amafinius
454 2333 699 2389 Epicureus
751 2333 871 2390 apud
914 2333 1089 2377 Cicero-

234 2404 353 2442 nem,
375 2392 523 2435 xxxiv.
547 2392 648 2446 684.

175 2446 380 2491 Amantes
401 2463 504 2492 cum
527 2450 673 2493 Poetis
695 2450 943 2500 convenire,
960 2465 1002 2492 v.
1018 2449 1090 2493 61.

235 2509 628 2608 eorum6colloquia
648 2508 702 2552 ab
728 2508 927 2551 Homero
949 2508 1089 2559 vitari,

236 2579 296 2608 x1.
323 2576 372 2623 17
410 2599 418 2608 .

175 2622 527 2667 Americanoram
549 2624 970 2682 Septentrionalium
998 2639 1092 2667 car—

235 2696 353 2732 men,
377 2697 433 2725 1v.
457 2694 527 2736 51.

176 2739 480 2796 Amphinomus
510 2741 565 2784 ab
588 2741 751 2799 Ulysse
782 2747 992 2793 tentatus,
1017 2756 1090 2784 xv.

239 2797 338 2842 260.
371 2799 465 2856 ejus
487 2800 684 2850 exitium,
709 2799 809 2843 261.

175 2854 484 2914 Ἀναγνὼρισις
503 2873 580 2914 per
603 2857 773 2901 Orestis
796 2857 977 2910 crinem,
1001 2859 1090 2901 xxi.

175 2971 434 3029 Ἀνάμνησις
487 2973 725 3026 Platonica,
766 2975 945 3018 xxxviii.
991 2985 1091 3032 774.

237 3031 331 3088 ejus
373 3031 493 3088 apud
533 3033 773 3089 Virgilium
815 3033 1092 3089 significatio,

236 3090 386 3133 xxxix.
412 3090 510 3147 786.

178 3147 393 3204 Analoyia
423 3163 449 3191 a
478 3149 591 3192 DEo
624 3156 808 3201 servata,
831 3150 965 3193 xxvii.
989 3160 1087 3206 559.

239 3221 265 3249 a
297 3206 460 3258 Poetis,
491 3208 642 3250 xxxiii.
675 3207 777 3261 664.
824 3208 891 3251 vis
922 3208 1016 3265 ejus
1048 3209 1094 3250 in

238 3265 420 3308 materia
441 3280 615 3323 quaque
636 3266 879 3322 peregrina,
903 3266 1003 3309 666.

132 3368 134 3371 y
179 3323 419 3366 Anathema
440 3324 593 3367 Romae
615 3324 809 3375 solenne,
831 3325 920 3367 xxi.
944 3338 1045 3378 400.

180 3381 466 3481 Angoeaqoras
487 3382 712 3438 Euripidis
733 3383 957 3439 magister,
976 3384 1095 3426 xxix.

182 3451 390 3539 Anccliiies
420 3497 536 3553 apud
565 3498 804 3555 Virgilium
834 3514 947 3557 quos
979 3501 1096 3542 solos

240 3555 404 3606 laudet,
426 3556 574 3599 xxxix.
601 3557 698 3614 788.

183 3613 358 3679 Ancilla
397 3621 612 3670 praestans
650 3615 803 3672 Ulyssi
845 3616 1097 3673 augurium,

243 3686 331 3714 xiv.
351 3685 450 3729 229.

1171 349 1467 392 Andromache
1485 348 1750 406 πολύδωρος,
1772 364 1815 392 Χ.
1840 348 1936 403 158.
1970 347 2089 404 apud

1231 407 1491 464 Euripidem
1513 407 1717 464 frigidius
1738 409 1782 450 lo
1814 408 1949 457 uitur,
1968 407 2088 450 xxiX.

1231 466 1332 523 587.
1382 480 1460 507 cur
1481 466 1527 508 in
1548 480 1597 508 ea
1618 423 1854 523 Tragoedia
1886 465 2090 521 Spartani

1230 525 1516 575 lacessantur,
1550 524 1649 577 588.
1714 539 1807 567 eam
1847 523 2001 566 sedulo
2034 522 2090 565 ad

1232 597 1434 625 normam
1451 583 1700 625 communis
1716 583 1816 626 vitae
1838 581 1967 637 exigi,
1983 591 2086 637 593.

1231 641 1325 697 ejus
1358 641 1420 683 rei
1450 640 1576 690 ratio,
1609 653 1710 698 594.
1765 641 1858 697 ejus
1893 654 1996 683 cum
2027 639 2090 682 fa-

1229 700 1352 741 mula
1374 699 1662 755 colloquium,
1687 710 1788 756 595.

1172 757 1365 813 Anylicae
1395 757 1560 812 linguae
1591 772 1726 800 usum
1750 755 2090 801 Praelectoribus

1232 831 1324 858 non
1347 814 1567 872 denegari,
1589 816 1618 859 i.
1643 817 1685 859 8.

1173 874 1380 930 Anqlicas
1390 874 1536 916 Pictor
1545 875 1789 932 longinqua
1802 873 2090 926 adumbrans,

1234 933 1383 975 xxxiii.
1407 931 1507 988 667.

1174 991 1330 1033 Anima
1355 991 1527 1041 Mundi,
1551 991 1727 1048 Virgilii
1749 991 1803 1034 de
1834 1006 1884 1034 ea
1915 998 2091 1035 senten-

1234 1050 1309 1100 tia,
1332 1049 1480 1091 xxxix.
1509 1050 1605 1107 783.

1174 1108 1328 1150 Animo
1352 1122 1442 1150 non
1466 1122 1648 1164 corpore
1680 1107 1840 1151 sentire
1871 1107 2092 1159 homines,

1234 1166 1383 1209 xxviii.
1408 1176 1509 1223 577.

1173 1224 1401 1280 Ἀνώμαλα
1450 1223 1568 1280 apud
1621 1223 1895 1281 Euripidem,
1937 1238 2092 1267 eorum

1234 1283 1366 1333 ratio,
1383 1283 1502 1325 xxix.
1526 1283 1626 1325 600.

1173 1342 1316 1384 Antoei
1337 1341 1490 1384 similis
1512 1340 1742 1395 Virgilius,
1764 1340 1943 1383 xxxviii.
1969 1350 2069 1397 775.

1178 1400 1441 1455 Antholoyioe
1476 1399 1610 1442 verba
1650 1406 1895 1455 ponuntur,
1939 1398 2090 1442 xxviii.

1176 1469 1387 1572 [iuligine
1417 1514 1536 1572 apud
1558 1515 1840 1573 AEschylum,
1863 1515 1966 1558 xvii.
1991 1528 2044 1572 29
2081 1548 2092 1557 .

1237 1574 1481 1631 Sophoclea
1512 1588 1615 1616 cum
1641 1572 1880 1630 Euripidea
1910 1574 2091 1630 compo-

1235 1634 1372 1684 nitur,
1394 1633 1513 1674 xxix.
1537 1631 1638 1675 601.

1175 1693 1390 1735 Antin6us
1421 1691 1571 1734 saeculi
1594 1690 1822 1747 degeneris
1854 1691 2091 1746 exemplar,

1234 1750 1324 1794 xiii.
1345 1764 1444 1802 214.
1477 1749 1734 1806 lugentibus
1752 1748 1972 1806 objurgat,
1989 1759 2090 1805 217.

1176 1807 1596 1865 Antistrophicoram
1657 1807 1905 1850 carminum
1966 1807 2092 1858 ratio,

1234 1868 1353 1911 xxiv.
1377 1876 1479 1923 473.

1175 1927 1315 1970 Antor
1336 1923 1455 1981 apud
1477 1924 1715 1981 Virgilium
1736 1924 1924 1976 occisus,
1942 1923 2091 1967 xxxvi.

1173 1995 1342 2090 ’miglis-
1360 2043 1627 2089 Homericus
1643 2042 1690 2085 in
1708 2040 1939 2098 Odysseia,
1957 2040 2093 2084 xxvii.

1236 2114 1259 2156 5
1294 2116 1337 2146 0.

1176 2163 1224 2206 τὸ
1244 2113 1454 2219 ”5Απειρον
1479 2176 1504 2204 a
1536 2158 1741 2203 Lucretio
1773 2157 1923 2208 amari,
1956 2156 2094 2199 xxxii.

1236 2220 1263 2263 6
1300 2234 1337 2263 1.
2044 2225 2046 2229 ’

1176 2232 1424 2336 Apeiininus
1455 2292 1600 2328 mons,
1632 2277 1679 2319 in
1710 2289 1761 2318 eo
1792 2275 1978 2317 fortasse
2001 2273 2123 2323 Lu-,

1235 2338 1421 2380 cretium
1471 2336 1609 2379 fuisse
1659 2339 1897 2382 versatum,
1940 2332 2093 2375 xxxiii.

1235 2395 1335 2452 677.
1370 2409 1449 2438 cur
1466 2394 1722 2437 nominetur
1736 2392 1784 2434 in
1806 2390 2096 2434 similitudine

1236 2454 1494 2510 Virgiliana,
1516 2451 1696 2494 xxxviii.
1721 2460 1820 2507 773.

1176 2513 1316 2569 Apum
1344 2527 1447 2555 cum
1478 2509 1693 2553 militibus
1725 2507 2008 2563 comparatio,
2031 2507 2093 2550 ix.

1240 2571 1337 2614 128.
1370 2584 1474 2613 cum
1497 2567 1724 2617 Romanis,
1747 2566 1911 2609 xxxvii.
1932 2575 2032 2622 752.

1177 2629 1293 2686 Apes
1339 2627 1593 2684 Viryilianoe
1635 2626 1794 2668 caelum
1834 2638 1939 2667 cum
1978 2631 2095 2667 terra

1237 2693 1521 2736 connectunt,
1543 2684 1692 2727 xxxix.
1718 2683 1817 2740 783.

1174 2745 1386 2803 Ἀφέλεια
1407 2743 1655 2792 Nausicaae,
1678 2743 1737 2784 xi.
1761 2754 1857 2797 190.
1900 2740 1974 2783 xii.
1994 2750 2094 2796 195.

1238 2803 1502 2859 Supplicum
1563 2800 1782 2857 AEschyli,
1832 2798 1936 2841 xvii.
1991 2808 2093 2855 295.

1236 2862 1355 2904 xxiii.
1371 2861 1472 2918 458.
1506 2859 1584 2902 Ius
1606 2859 1653 2902 in
1671 2856 1948 2908 Prometheo,
1970 2857 2095 2899 xxiii.

1178 2935 1394 3035 Apiillinis
1429 2975 1486 3019 ad
1523 2975 1697 3019 Crisam
1737 2975 1966 3031 appulsus,
2003 2973 2094 3017 xiv.

1239 3050 1338 3090 240.
1382 3049 1529 3078 coecus
1560 3034 1607 3076 in
1636 3033 1817 3090 Trojam
1847 3031 1985 3081 favor,
2018 3046 2093 3074 xV.

1239 3105 1338 3151 247.
1383 3094 1430 3136 in
1463 3093 1668 3136 Orestem
1698 3092 1836 3142 favor,
1870 3089 1978 3148 quid
2010 3090 2095 3133 sibi

1238 3152 1440 3202 voluerit,
1472 3151 1561 3194 xxi.
1584 3164 1686 3207 399.
1741 3149 1891 3193 Oresti
1922 3162 2098 3204 semper

1239 3211 1375 3253 ferme
1407 3209 1569 3260 aderat,
1602 3222 1703 3264 403.
1750 3214 1904 3251 auctor
1933 3221 2093 3263 provo-

1241 3268 1425 3312 cationis
1447 3268 1557 3325 ejus,
1580 3267 1684 3309 xxii.
1707 3280 1809 3320 424.
1846 3279 1934 3322 qua
1955 3264 2094 3321 signi-

1239 3326 1442 3370 ficatione
1475 3325 1628 3368 Furias
1660 3325 1822 3381 abigat,
1846 3322 1948 3377 426.
2000 3337 2094 3365 ma-

1234 3386 1376 3442 jorem
1408 3384 1624 3441 agnoscit,
1648 3397 1749 3440 431.
1793 3396 1872 3425 cur
1890 3380 2018 3438 ἁγνὸς
2047 3380 2095 3422 in

1243 3442 1528 3499 Supplicibus
1559 3443 1814 3498 appelletur,
1847 3439 1966 3481 xxiii.
1992 3449 2094 3495 459.

1242 3516 1322 3544 cur
1340 3501 1388 3543 in
1408 3501 1632 3557 praecipuo
1661 3500 1829 3542 honore
1857 3512 1882 3540 a
1903 3496 2096 3539 Pindaro

1240 3559 1470 3609 habeatur,
1493 3558 1611 3601 xxvi.
1635 3569 1735 3614 532.
1773 3556 1916 3599 malus
1937 3555 2095 3598 fortas-

1243 3618 1357 3660 sein
1380 3617 1487 3659 Ione
1518 3616 1690 3673 genius,
1714 3614 1831 3657 xxix.
1856 3613 1956 3670 609.
2001 3613 2096 3670 ejus

1241 3675 1395 3718 formae
1427 3675 1565 3731 origo,
1599 3690 1701 3717 xxx.
1732 3671 1833 3715 616.
1886 3686 1964 3714 cur
1994 3685 2098 3714 eum
