2288 4036
245 181 352 234 722
430 179 612 233 Indole
637 198 736 232 non
761 179 891 249 stylo
901 180 1065 248 finiri
1089 180 1405 250 sinyulorum
1433 181 1644 235 Poesin.
1684 201 2042 235 PRAEL.xxxw.

246 322 417 381 Num
462 324 680 401 potuit,
719 324 1010 400 inquient,
1043 322 1223 381 alacri
1264 324 1456 401 magis
1501 325 1702 382 animo
1739 325 1803 382 in
1843 326 2043 383 media

243 424 407 482 caede
448 431 632 500 atque
663 425 726 480 in
756 423 1029 481 tumultu
1061 425 1280 482 versari
1326 425 1451 482 sive
1484 425 1790 484 Homerus
1821 446 1927 484 seu
1958 418 2045 484 fe-

243 542 353 579 rox
383 523 511 598 ipse
541 521 858 598 Tyrtaeus?
929 520 1026 579 Ac
1057 522 1252 580 fateor
1282 524 1601 600 equidem:
1650 544 1848 600 neque
1879 524 2041 582 enim

246 620 529 699 Virgilio,
559 620 686 679 ulla
715 621 779 678 in
808 621 1080 689 materie,
1114 621 1319 679 defore
1351 623 1707 680 crediderim
1747 631 1853 681 aut
1894 623 2045 682 libe-

244 741 379 779 rum
414 720 587 779 illum
631 739 873 779 cursum
910 721 1299 796 sonitumque
1340 721 1681 791 verborum,
1713 729 1820 780 aut
1850 724 2045 800 poeti-'

244 839 394 888 cam,
427 839 608 897 quam
643 828 878 888 vocant,
909 818 1214 900 ἐναργείαν,
1247 839 1379 896 quae
1417 839 1618 878 coram
1660 828 1802 878 ante
1839 820 2046 879 oculos

244 919 453 976 sistere
499 917 654 976 solet
700 918 918 976 omnia.
1010 917 1138 975 Isto
1176 919 1344 995 quasi
1390 919 1792 976 instrumento
1834 938 1904 976 ac
1950 938 2047 977 su-

242 1016 531 1094 pellectili
557 1018 708 1074 adeo
728 1017 1091 1086 insueverat,
1111 1017 1474 1074 creberrimo
1498 1037 1630 1087 usn,
1650 1018 2046 1094 peritissimus

243 1115 481 1174 dicendi
537 1115 775 1182 artifex,
829 1122 899 1171 ut
950 1134 1027 1172 ne
1079 1114 1143 1170 in
1195 1113 1415 1171 triviali
1464 1133 1702 1190 quaque
1754 1134 1818 1172 re
1871 1114 2048 1172 facile

241 1216 556 1294 potuisset,
580 1215 807 1292 opinor,
828 1233 900 1271 eo
933 1230 1171 1272 carere:
1214 1214 1439 1271 nedum
1471 1214 1535 1270 in
1567 1233 1640 1271 eo
1669 1221 2045 1291 argumento,

241 1316 402 1393 quod
450 1314 736 1393 Augusto
788 1313 1255 1371 commendante
1303 1312 1413 1387 (sic
1462 1313 1622 1370 enim
1678 1313 2044 1390 accepimus)

243 1415 406 1473 omni
439 1414 642 1473 studio
674 1421 737 1471 et
769 1413 1085 1491 diligentia
1115 1412 1386 1470 ornabat.
1457 1412 1622 1470 Nam
1655 1420 1718 1470 et
1749 1413 1907 1489 apud
1938 1432 2048 1471 nos

243 1534 484 1592 quoque
528 1512 762 1571 nobiles
801 1512 1012 1570 Poetae
1049 1513 1401 1570 cecinerunt
1432 1531 1565 1588 quae
1612 1514 1829 1589 cuique
1870 1513 2048 1570 obvia

243 1619 569 1682 venerant3
612 1611 764 1669 alius
794 1630 1065 1669 muscam
1098 1611 1254 1668 forte
1285 1612 1736 1688 interemptam,
1760 1611 1912 1669 alius
1943 1612 2047 1669 ab-

242 1711 494 1770 scissum
542 1709 756 1787 puellae
801 1710 1048 1778 crinem,
1089 1709 1259 1778 aliuS,
1293 1710 1340 1767 si
1387 1729 1481 1767 res
1525 1710 1612 1768 ita
1656 1710 1820 1779 tulit,
1864 1710 2045 1768 aliam

243 1830 408 1882 rem;
453 1830 652 1888 neque
692 1811 882 1868 ullam
920 1810 1139 1887 leporis
1181 1817 1244 1867 et
1289 1810 1514 1888 ingenii
1559 1819 1793 1888 partem
1831 1812 2049 1869 omise-

242 1918 421 1969 runt:
467 1930 603 1970 cum
640 1911 866 1969 nemini
905 1917 1114 1968 tamen
1144 1929 1411 1986 unquam
1444 1910 1519 1966 ‘in
1565 1917 1836 1968 mentem
1869 1931 2050 1969 vene-

242 2013 338 2081 rit,
372 2012 447 2069 de
478 2011 657 2069 rebus
688 2009 1028 2068 istiusmodi
1060 2010 1214 2068 serio
1246 2010 1543 2086 cogitasse
1574 2011 1912 2087 scriptores,
1943 2031 2050 2069 ne-

241 2131 362 2188 que
391 2112 454 2169 in
483 2112 556 2169 iis
586 2111 741 2169 verti
779 2128 1081 2168 summam
1113 2128 1320 2166 eorum
1357 2108 1635 2167 Poeseos.
1728 2109 2049 2168 Falluntur

242 2210 465 2286 itaque,
503 2210 686 2286 siqui
722 2227 927 2266 veram
977 2206 1183 2265 Poetae
1228 2206 1493 2264 indolem
1544 2215 1711 2265 certo
1757 2209 1900 2266 satis
1946 2209 2049 2266 de-

241 2307 616 2384 prehendere
663 2327 726 2366 se
771 2307 1141 2365 arbitrantur
1181 2306 1406 2364 eximio
1445 2304 1541 2362 vel
1588 2306 1788 2363 sonitu
1834 2308 2048 2365 carmi-

241 2427 388 2466 num
421 2407 518 2466 vel
549 2407 882 2484 imaginum
915 2404 1251 2483 splendore.

329 2506 494 2576 Quin
532 2506 607 2565 ad
649 2525 722 2564 ea
765 2505 967 2582 potius
1013 2523 1121 2562 nos
1167 2503 1549 2572 conferimUS,
1581 2523 1713 2580 quae
1757 2504 1833 2562 ad
1879 2524 2047 2564 men-

241 2613 368 2664 tem
398 2607 608 2683 ipsam,
640 2624 762 2662 non
792 2605 866 2662 ad
899 2622 1073 2662 aures
1104 2602 1430 2679 oculosque
1460 2602 1823 2660 referuntur.
1894 2603 2043 2662 Tam

243 2704 541 2763 Heroicos
577 2722 758 2781 quam
790 2702 1073 2781 Tragicos
1109 2702 1457 2778 judicemus
1502 2722 1579 2760 ex
1625 2701 1867 2760 illorum
1913 2719 2048 2780 per-'

242 2805 417 2873 sonis,
473 2804 574 2880 qui
628 2803 851 2880 primas
903 2801 1063 2878 apud
1114 2820 1217 2859 eos
1269 2808 1479 2879 agunt.
1570 2800 1749 2870 Quod
1800 2802 1867 2870 si,
1913 2822 2045 2879 quae

239 2906 313 2963 ad
375 2903 705 2981 principem
762 2921 1065 2979 quemque
1124 2901 1434 2978 pertinent
1489 2909 1777 2970 actorem,
1830 2901 2047 2980 frigida

240 3023 311 3062 ea
355 3003 643 3080 pleraque
688 3008 751 3058 et
798 3007 1008 3058 coacta
1038 3019 1168 3058 esse
1198 2999 1584 3068 videbuntur,
1617 3000 1720 3057 vix
1759 3001 1875 3058 erit
1919 3021 2046 3059 cre-

241 3099 443 3169 dibile,
490 3100 765 3176 scriptori
810 3098 899 3156 illi
944 3097 1241 3175 placuisse
1287 3117 1365 3156 ex
1411 3097 1627 3155 intimo
1673 3098 1874 3155 animo
1919 3117 2047 3156 sus-

241 3206 489 3276 ceptum
528 3217 712 3275 opus3
757 3216 974 3274 neque,
996 3197 1068 3254 'id
1100 3197 1261 3273 quod
1298 3198 1499 3255 ridens
1529 3198 1604 3255 de
1635 3216 1698 3255 se
1728 3197 1814 3254 ait
1846 3196 2043 3256 Hora-

241 3299 379 3367 tius,
411 3297 550 3355 ideo
595 3296 724 3354 istis
770 3303 935 3354 certe
979 3296 1246 3354 versibus
1293 3296 1527 3355 dedisse
1572 3315 1833 3373 operam,
1865 3316 2043 3373 prop-

240 3407 408 3455 terea
438 3396 598 3473 quod
630 3397 922 3471 nequibat
953 3396 1232 3453 dormire.

326 3495 589 3563 Videtis,
622 3492 995 3562 Academici,
1029 3514 1148 3571 quo
1179 3494 1394 3552 tendat
1440 3494 1665 3552 oratio:
1712 3513 1834 3551 non
1875 3494 2041 3553 eritis

241 3616 276 3654 a
319 3614 420 3652 me
465 3592 738 3660 docendi,
771 3591 1120 3670 longissime
1165 3594 1326 3650 inter
1369 3612 1432 3651 se
1480 3593 1721 3663 distare,
1764 3594 1923 3669 quod
1965 3594 2041 3651 ad
