2288 4036
342 213 454 265 562
492 215 652 267 Ratio
677 233 848 267 eorum
873 234 990 286 quoe
1014 216 1076 268 de
1100 212 1344 286 Sophocle
1366 225 1485 270 sunt
1510 213 1751 271 dicenda.
1771 237 1932 272 PRAEL.
1953 237 2146 276 xxvm.

343 372 567 430 ungue.
661 354 756 411 Ex
789 375 908 431 quo
941 356 1202 435 intelligi
1243 367 1467 435 potest,
1499 371 1729 437 quanta
1759 364 1838 420 sit
1871 364 1959 421 vis
1989 384 2149 422 verae

344 450 505 510 illius
534 460 600 510 et
630 454 922 511 divinitus
951 453 1182 531 illapsae
1216 456 1496 526 PoeseOS,
1527 480 1670 517 cum
1702 461 1890 519 fallax
1919 463 2151 537 quaevis

340 551 472 626 ejus
502 552 702 629 imago
735 560 861 609 tam
893 553 1017 611 alte
1048 556 1291 631 penitus
1322 558 1383 614 in
1415 559 1632 617 animis
1662 560 1911 619 haereat.

428 649 572 708 Jam
610 651 771 708 haud
818 653 943 709 scio
987 673 1065 711 an
1102 653 1423 731 Sophoclis
1463 677 1644 715 causa
1688 659 1998 735 proprium
2044 658 2151 717 ali—

341 749 489 824 quid
543 749 765 808 habeat
816 770 888 809 ac
940 753 1337 830 praecipuum,
1389 775 1510 832 quo
1569 757 1922 815 invidiosius
1972 776 2152 835 agere

343 848 635 917 videatur,
668 850 1016 926 quicunque
1048 852 1294 910 tandem
1328 853 1377 910 is
1408 855 1541 922 erit,
1574 855 1678 930 qui
1711 855 1836 913 viro
1867 855 2154 914 laudatis-

341 946 496 1002 simo
530 946 810 1006 Primarii
848 968 1070 1007 nomen
1104 950 1448 1029 denegabit.
1542 951 1791 1029 Nempe
1821 954 1884 1010 in
1916 952 2152 1030 Sopho-

340 1044 436 1102 cle
480 1046 677 1122 primo
715 1046 813 1104 vel
858 1048 921 1104 in
965 1047 1256 1126 Euripide
1298 1051 1628 1127 degustant
1672 1051 2048 1128 plerumque,
2080 1060 2151 1108 ut

341 1145 574 1221 opinor,
623 1147 871 1224 ingenui
908 1149 1170 1224 juvenes
1221 1148 1344 1207 mel
1398 1148 1551 1206 illud
1596 1150 1892 1207 sermonis
1934 1150 2150 1207 Attici.

341 1241 525 1320 Apud
576 1244 684 1302 hos
729 1246 1114 1322 potissimum
1154 1246 1422 1304 severius
1457 1245 1687 1322 aliquid
1727 1245 1925 1303 solent
1955 1246 2154 1304 addis-

340 1362 477 1400 cere
509 1344 770 1420 pueriles
801 1345 1008 1413 animi,
1031 1345 1386 1422 voluptariis
1410 1346 1602 1402 ferme
1633 1344 1836 1403 lassati
1863 1345 2149 1403 versibus,

343 1440 462 1499 His
492 1443 740 1502 tandem
773 1444 990 1502 studiis
1021 1464 1086 1502 se
1117 1452 1447 1501 monentur
1476 1445 1726 1521 erigere,
1752 1444 1801 1501 si
1832 1443 1990 1500 forte
2017 1462 2153 1520 gra-

342 1542 649 1600 vissimam
702 1542 871 1601 illam
921 1544 1142 1600 veteris
1186 1544 1516 1622 Tragoediae
1569 1543 1825 1601 formam
1879 1549 2152 1600 contem-

339 1641 490 1719 plari
523 1642 773 1718 possint.
845 1641 1079 1700 Mirum
1110 1647 1335 1719 itaque,
1355 1644 1418 1699 ni
1450 1643 1649 1700 fontes
1680 1643 1868 1719 ipsius
1890 1640 2150 1699 Poeseos

342 1740 664 1798 retulerint
706 1741 781 1798 ad
824 1761 928 1799 eos
963 1739 1303 1818 praesertim
1348 1739 1642 1810 homineS,
1680 1759 1935 1818 quorum
1968 1759 2151 1816 opera

338 1841 451 1917 ipsi
484 1841 787 1916 cepissent
817 1840 1060 1898 initium
1096 1842 1339 1898 videndi
1371 1840 1600 1917 aliquid
1631 1842 1694 1897 in
1729 1860 1794 1897 re
1824 1840 2083 1917 poetica.

428 1939 592 1997 Illud
642 1947 936 2016 praeterea
983 1940 1328 2008 molestum,
1376 1941 1537 2016 quod
1582 1940 1856 1997 omnium
1901 1937 2148 1996 omnino

339 2038 443 2115 qui
496 2038 622 2095 ullo
669 2046 947 2115 tempore
1000 2039 1268 2097 carmina
1321 2046 1686 2116 panxerunt,
1731 2057 1913 2095 nemo
1958 2037 2148 2095 ferme

341 2136 648 2195 uberiores
700 2137 813 2195 sibi
866 2139 1120 2196 meritus
1168 2146 1263 2196 est
1316 2138 1525 2196 laudes
1577 2138 1676 2196 vel
1729 2145 2005 2196 veterum
2052 2135 2149 2194 vel

339 2237 781 2294 recentiorum:
835 2237 988 2294 adeo
1039 2245 1109 2294 ut
1159 2237 1222 2293 in
1271 2237 1652 2314 proverbiam
1704 2256 1881 2313 paeue
1933 2235 2150 2294 abierit

340 2335 734 2412 SophocleUS,
768 2355 952 2412 quem
989 2342 1163 2394 vocat
1201 2334 1400 2402 Maro,
1434 2335 1800 2393 Cothurnus.

428 2433 667 2493 Verum
717 2435 862 2510 quid
912 2434 1231 2510 quaeritis?
1291 2434 1455 2492 inani
1513 2454 1751 2511 prorsus
1799 2441 2148 2492 commento

339 2552 586 2592 necesse
621 2540 716 2592 est
757 2534 1060 2592 fateamur
1105 2552 1215 2591 nos
1252 2552 1497 2610 operam
1531 2533 1782 2602 dedisse,
1814 2534 1876 2591 ni
1922 2533 2149 2610 pertin-

338 2640 445 2709 gat
485 2632 747 2690 formula
788 2638 996 2690 nos-tra
1027 2639 1154 2689 tam
1199 2632 1277 2689 ad
1320 2631 1760 2690 laudatissimos
1805 2633 2145 2709 scriptoreS,

340 2750 522 2806 quam
582 2732 657 2789 ad
719 2730 1023 2788 trivialem
1076 2749 1380 2807 quemque
1432 2737 1496 2788 et
1548 2731 1928 2789 indisertum.
2033 2730 2146 2788 Est

340 2830 503 2886 enim
540 2830 670 2905 ejus
706 2848 963 2897 summa,
997 2829 1140 2905 poni
1178 2829 1401 2887 debere
1441 2835 1625 2905 caput
1670 2828 1962 2886 universae
1994 2827 2147 2886 Poe—

336 2947 491 2997 seOS,
525 2948 646 2986 non
695 2929 758 2985 in
805 2947 1010 2986 rerum
1053 2927 1396 2986 subtilitate
1441 2928 1669 2985 nedum
1714 2928 1778 2985 in
1822 2928 2144 2986 verborum

334 3027 581 3095 ‘aculeis
608 3028 718 3086 vsed
748 3028 813 3084 in
843 3034 1078 3084 secreto
1109 3028 1291 3084 corde
1319 3034 1506 3103 atque
1550 3027 1615 3083 in
1654 3026 1886 3085 intimis
1912 3026 2146 3085 affecti-

337 3126 452 3184 bus
495 3126 831 3184 hominum.
921 3125 1127 3195 Quare
1171 3127 1247 3183 ad
1293 3134 1499 3185 nostra
1538 3125 1950 3183 confirmanda
1993 3125 2145 3184 nihil

337 3225 530 3283 ferme
576 3224 999 3282 vehementius
1045 3224 1395 3301 pertinebit,
1426 3243 1607 3300 quam
1650 3225 1703 3282 si
1749 3223 1906 3281 forte
1951 3224 2143 3302 digito

337 3326 576 3383 intento
607 3324 683 3382 ad
716 3344 903 3381 unum
940 3334 1125 3400 atque
1167 3323 1431 3382 alterum
1463 3342 1676 3381 eorum
1706 3323 1810 3399 qui
1842 3323 2146 3382 habentur

338 3423 839 3499 praestantissimi,
873 3422 1163 3481 faciamus
1194 3424 1258 3479 in
1288 3423 1361 3480 iis
1392 3422 1690 3499 opinionis
1727 3428 1945 3479 nostrae
1989 3423 2146 3498 peri-

338 3521 566 3579 culum.
656 3521 1088 3579 Continebitur
1131 3528 1339 3578 autem
1380 3540 1453 3579 ea
1493 3540 1587 3578 res
1633 3520 1859 3597 duplici
1905 3521 2141 3596 potissi-

334 3640 509 3681 mum
540 3622 902 3698 quaestione:
950 3621 1163 3697 prim0,
1195 3641 1272 3679 an
1319 3622 1381 3678 in
1415 3619 1717 3697 Sophocle
1762 3619 2140 3697 reperiantur
