<?xml version="1.0" encoding="UTF-8"?>
<!DOCTYPE html PUBLIC "-//W3C//DTD XHTML 1.0 Transitional//EN"
    "http://www.w3.org/TR/xhtml1/DTD/xhtml1-transitional.dtd">
<html xmlns="http://www.w3.org/1999/xhtml" xml:lang="en" lang="en">
 <head>
  <title>
</title>
<meta http-equiv="Content-Type" content="text/html;charset=utf-8" />
  <meta name='ocr-system' content='tesseract 3.04.00' />
  <meta name='ocr-capabilities' content='ocr_page ocr_carea ocr_par ocr_line ocrx_word'/>
</head>
<body>
  <div class='ocr_page' id='page_1' title='image "./a588873902kebluoft_0406.png"; bbox 0 0 2288 4036; ppageno 0'>
   <div class='ocr_carea' id='block_1_1' title="bbox 290 167 2086 239">
    <p class='ocr_par' dir='ltr' id='par_1_1' title="bbox 290 167 2086 239">
     <span class='ocr_line' id='line_1_1' title="bbox 290 167 2086 239; baseline 0.001 -17"><span class='ocrx_word' id='word_1_1' title='bbox 290 169 398 223; x_wconf 77' lang='lat'>784</span> <span class='ocrx_word' id='word_1_2' title='bbox 559 167 863 239; x_wconf 37' lang='lat' dir='ltr'>Vir-‘otiliam</span> <span class='ocrx_word' id='word_1_3' title='bbox 889 184 1042 220; x_wconf 76' lang='lat' dir='ltr'>sacra</span> <span class='ocrx_word' id='word_1_4' title='bbox 1067 184 1167 219; x_wconf 72' lang='lat' dir='ltr'>non</span> <span class='ocrx_word' id='word_1_5' title='bbox 1194 184 1292 219; x_wconf 74' lang='lat' dir='ltr'>esse</span> <span class='ocrx_word' id='word_1_6' title='bbox 1319 168 1675 222; x_wconf 72' lang='lat' dir='ltr'>commentitia.</span> <span class='ocrx_word' id='word_1_7' title='bbox 1716 189 1876 223; x_wconf 75' lang='lat' dir='ltr'><strong>PRAEL.</strong></span> <span class='ocrx_word' id='word_1_8' title='bbox 1901 189 2086 225; x_wconf 78' lang='lat' dir='ltr'>xxx1X.</span> 
     </span>
    </p>
   </div>
   <div class='ocr_carea' id='block_1_2' title="bbox 284 307 2089 1082">
    <p class='ocr_par' dir='ltr' id='par_1_2' title="bbox 284 307 2089 1082">
     <span class='ocr_line' id='line_1_2' title="bbox 286 307 2089 391; baseline 0.003 -26"><span class='ocrx_word' id='word_1_9' title='bbox 286 328 321 365; x_wconf 89' lang='lat' dir='ltr'>a</span> <span class='ocrx_word' id='word_1_10' title='bbox 351 309 605 385; x_wconf 76' lang='lat' dir='ltr'>posteris</span> <span class='ocrx_word' id='word_1_11' title='bbox 637 309 777 367; x_wconf 88' lang='lat' dir='ltr'>suis.</span> <span class='ocrx_word' id='word_1_12' title='bbox 869 307 1113 368; x_wconf 89' lang='lat' dir='ltr'>Videtis</span> <span class='ocrx_word' id='word_1_13' title='bbox 1158 311 1220 367; x_wconf 91' lang='lat' dir='ltr'>in</span> <span class='ocrx_word' id='word_1_14' title='bbox 1260 318 1518 388; x_wconf 90' lang='lat' dir='ltr'>utroque</span> <span class='ocrx_word' id='word_1_15' title='bbox 1559 315 1824 371; x_wconf 81' lang='lat' dir='ltr'>carmine</span> <span class='ocrx_word' id='word_1_16' title='bbox 1855 314 2020 391; x_wconf 88' lang='lat' dir='ltr'>tangi</span> <span class='ocrx_word' id='word_1_17' title='bbox 2054 333 2089 370; x_wconf 89' lang='lat' dir='ltr'>a</span> 
     </span>
     <span class='ocr_line' id='line_1_3' title="bbox 287 406 2087 490; baseline 0.002 -25"><span class='ocrx_word' id='word_1_18' title='bbox 287 406 595 484; x_wconf 81' lang='lat' dir='ltr'>Scriptore</span> <span class='ocrx_word' id='word_1_19' title='bbox 628 427 748 465; x_wconf 92' lang='lat' dir='ltr'>non</span> <span class='ocrx_word' id='word_1_20' title='bbox 790 406 988 466; x_wconf 90' lang='lat' dir='ltr'>levem</span> <span class='ocrx_word' id='word_1_21' title='bbox 1026 408 1290 485; x_wconf 86' lang='lat' dir='ltr'>aliquam</span> <span class='ocrx_word' id='word_1_22' title='bbox 1329 430 1476 479; x_wconf 89' lang='lat' dir='ltr'>rem,</span> <span class='ocrx_word' id='word_1_23' title='bbox 1514 413 1619 470; x_wconf 90' lang='lat' dir='ltr'>sed</span> <span class='ocrx_word' id='word_1_24' title='bbox 1666 413 1863 489; x_wconf 88' lang='lat' dir='ltr'>ipsum</span> <span class='ocrx_word' id='word_1_25' title='bbox 1905 420 2087 490; x_wconf 88' lang='lat' dir='ltr'>caput</span> 
     </span>
     <span class='ocr_line' id='line_1_4' title="bbox 284 508 2089 590; baseline 0.003 -26"><span class='ocrx_word' id='word_1_26' title='bbox 284 527 354 565; x_wconf 88' lang='lat' dir='ltr'>ac</span> <span class='ocrx_word' id='word_1_27' title='bbox 386 526 686 565; x_wconf 89' lang='lat' dir='ltr'>summam</span> <span class='ocrx_word' id='word_1_28' title='bbox 717 508 982 584; x_wconf 90' lang='lat' dir='ltr'>suscepti</span> <span class='ocrx_word' id='word_1_29' title='bbox 1014 509 1231 585; x_wconf 89' lang='lat' dir='ltr'>operis.</span> <span class='ocrx_word' id='word_1_30' title='bbox 1325 508 1652 579; x_wconf 83' lang='lat' dir='ltr'><strong>Nimirum,</strong></span> <span class='ocrx_word' id='word_1_31' title='bbox 1679 512 1754 569; x_wconf 89' lang='lat' dir='ltr'>ad</span> <span class='ocrx_word' id='word_1_32' title='bbox 1788 511 2089 590; x_wconf 80' lang='lat' dir='ltr'>Georgica</span> 
     </span>
     <span class='ocr_line' id='line_1_5' title="bbox 285 606 2089 687; baseline 0.002 -24"><span class='ocrx_word' id='word_1_33' title='bbox 285 607 444 683; x_wconf 90' lang='lat' dir='ltr'>quod</span> <span class='ocrx_word' id='word_1_34' title='bbox 484 606 722 674; x_wconf 77' lang='lat' dir='ltr'>attinet,</span> <span class='ocrx_word' id='word_1_35' title='bbox 757 607 860 682; x_wconf 91' lang='lat' dir='ltr'>qui</span> <span class='ocrx_word' id='word_1_36' title='bbox 893 607 1154 684; x_wconf 80' lang='lat' dir='ltr'>Spiritus</span> <span class='ocrx_word' id='word_1_37' title='bbox 1191 627 1333 685; x_wconf 90' lang='lat' dir='ltr'>apes</span> <span class='ocrx_word' id='word_1_38' title='bbox 1373 609 1640 687; x_wconf 88' lang='lat' dir='ltr'>regebat,</span> <span class='ocrx_word' id='word_1_39' title='bbox 1673 612 1836 669; x_wconf 89' lang='lat' dir='ltr'>idem</span> <span class='ocrx_word' id='word_1_40' title='bbox 1881 617 2089 668; x_wconf 90' lang='lat' dir='ltr'>sancta</span> 
     </span>
     <span class='ocr_line' id='line_1_6' title="bbox 285 704 2087 784; baseline 0.001 -21"><span class='ocrx_word' id='word_1_41' title='bbox 285 725 392 763; x_wconf 91' lang='lat' dir='ltr'>sua</span> <span class='ocrx_word' id='word_1_42' title='bbox 438 712 499 762; x_wconf 88' lang='lat' dir='ltr'>et</span> <span class='ocrx_word' id='word_1_43' title='bbox 545 724 762 763; x_wconf 87' lang='lat' dir='ltr'>arcana</span> <span class='ocrx_word' id='word_1_44' title='bbox 814 705 872 761; x_wconf 88' lang='lat' dir='ltr'>vi</span> <span class='ocrx_word' id='word_1_45' title='bbox 920 704 1351 764; x_wconf 83' lang='lat' dir='ltr'>informaturus</span> <span class='ocrx_word' id='word_1_46' title='bbox 1397 713 1526 764; x_wconf 86' lang='lat' dir='ltr'>erat</span> <span class='ocrx_word' id='word_1_47' title='bbox 1572 714 1795 766; x_wconf 81' lang='lat' dir='ltr'>caetera</span> <span class='ocrx_word' id='word_1_48' title='bbox 1847 726 2087 784; x_wconf 89' lang='lat' dir='ltr'>quoque</span> 
     </span>
     <span class='ocr_line' id='line_1_7' title="bbox 286 804 2089 883; baseline 0.001 -22"><span class='ocrx_word' id='word_1_49' title='bbox 286 804 504 870; x_wconf 88' lang='lat' dir='ltr'>omnia,</span> <span class='ocrx_word' id='word_1_50' title='bbox 553 805 915 881; x_wconf 81' lang='lat' dir='ltr'>quibuscum</span> <span class='ocrx_word' id='word_1_51' title='bbox 966 805 1126 862; x_wconf 90' lang='lat' dir='ltr'>inter</span> <span class='ocrx_word' id='word_1_52' title='bbox 1173 825 1311 863; x_wconf 90' lang='lat' dir='ltr'>rura</span> <span class='ocrx_word' id='word_1_53' title='bbox 1356 825 1425 863; x_wconf 89' lang='lat' dir='ltr'>ac</span> <span class='ocrx_word' id='word_1_54' title='bbox 1475 805 1670 883; x_wconf 84' lang='lat' dir='ltr'>sylvas</span> <span class='ocrx_word' id='word_1_55' title='bbox 1716 806 2089 864; x_wconf 86' lang='lat' dir='ltr'>familiariter</span> 
     </span>
     <span class='ocr_line' id='line_1_8' title="bbox 285 904 2087 982; baseline 0.001 -22"><span class='ocrx_word' id='word_1_56' title='bbox 285 905 499 962; x_wconf 86' lang='lat' dir='ltr'>vivunt</span> <span class='ocrx_word' id='word_1_57' title='bbox 552 904 872 982; x_wconf 81' lang='lat' dir='ltr'>agricolae:</span> <span class='ocrx_word' id='word_1_58' title='bbox 934 923 1012 962; x_wconf 87' lang='lat' dir='ltr'>ex</span> <span class='ocrx_word' id='word_1_59' title='bbox 1065 924 1182 981; x_wconf 91' lang='lat' dir='ltr'>quo</span> <span class='ocrx_word' id='word_1_60' title='bbox 1237 905 1297 962; x_wconf 89' lang='lat' dir='ltr'>id</span> <span class='ocrx_word' id='word_1_61' title='bbox 1348 906 1554 962; x_wconf 88' lang='lat' dir='ltr'>statim</span> <span class='ocrx_word' id='word_1_62' title='bbox 1601 904 1772 972; x_wconf 87' lang='lat' dir='ltr'>effici,</span> <span class='ocrx_word' id='word_1_63' title='bbox 1820 906 1977 982; x_wconf 87' lang='lat' dir='ltr'>quod</span> <span class='ocrx_word' id='word_1_64' title='bbox 2026 906 2087 962; x_wconf 89' lang='lat' dir='ltr'>in</span> 
     </span>
     <span class='ocr_line' id='line_1_9' title="bbox 288 1003 1523 1082; baseline 0 -21"><span class='ocrx_word' id='word_1_65' title='bbox 288 1003 493 1082; x_wconf 84' lang='lat' dir='ltr'>Elysio</span> <span class='ocrx_word' id='word_1_66' title='bbox 526 1023 633 1062; x_wconf 91' lang='lat' dir='ltr'>suo</span> <span class='ocrx_word' id='word_1_67' title='bbox 665 1011 984 1081; x_wconf 85' lang='lat' dir='ltr'>tantopere</span> <span class='ocrx_word' id='word_1_68' title='bbox 1016 1003 1225 1062; x_wconf 87' lang='lat' dir='ltr'>laudat</span> <span class='ocrx_word' id='word_1_69' title='bbox 1260 1003 1523 1062; x_wconf 67' lang='lat' dir='ltr'>Poetae:</span> 
     </span>
    </p>
   </div>
   <div class='ocr_carea' id='block_1_3' title="bbox 527 1142 1701 1278">
    <p class='ocr_par' dir='ltr' id='par_1_3' title="bbox 527 1142 1701 1278">
     <span class='ocr_line' id='line_1_10' title="bbox 527 1142 1607 1202; baseline -0.001 -15"><span class='ocrx_word' id='word_1_70' title='bbox 527 1142 719 1202; x_wconf 87' lang='lat' dir='ltr'>Largior</span> <span class='ocrx_word' id='word_1_71' title='bbox 739 1143 815 1187; x_wconf 91' lang='lat' dir='ltr'>hic</span> <span class='ocrx_word' id='word_1_72' title='bbox 838 1158 1024 1201; x_wconf 84' lang='lat' dir='ltr'>campos</span> <span class='ocrx_word' id='word_1_73' title='bbox 1050 1143 1192 1188; x_wconf 81' lang='lat' dir='ltr'>aether</span> <span class='ocrx_word' id='word_1_74' title='bbox 1214 1150 1257 1187; x_wconf 89' lang='lat' dir='ltr'>et</span> <span class='ocrx_word' id='word_1_75' title='bbox 1278 1143 1451 1188; x_wconf 88' lang='lat' dir='ltr'>lumine</span> <span class='ocrx_word' id='word_1_76' title='bbox 1474 1143 1607 1188; x_wconf 85' lang='lat' dir='ltr'>vestit</span> 
     </span>
     <span class='ocr_line' id='line_1_11' title="bbox 529 1217 1701 1278; baseline 0 -17"><span class='ocrx_word' id='word_1_77' title='bbox 529 1217 784 1276; x_wconf 88' lang='lat' dir='ltr'>Purpureo,</span> <span class='ocrx_word' id='word_1_78' title='bbox 809 1219 1041 1278; x_wconf 89' lang='lat' dir='ltr'>solemque</span> <span class='ocrx_word' id='word_1_79' title='bbox 1064 1233 1216 1270; x_wconf 86' lang='lat' dir='ltr'>suum,</span> <span class='ocrx_word' id='word_1_80' title='bbox 1242 1233 1324 1262; x_wconf 88' lang='lat' dir='ltr'>sua</span> <span class='ocrx_word' id='word_1_81' title='bbox 1347 1217 1495 1262; x_wconf 88' lang='lat' dir='ltr'>sidera</span> <span class='ocrx_word' id='word_1_82' title='bbox 1516 1224 1701 1261; x_wconf 85' lang='lat' dir='ltr'>norunt.</span> 
     </span>
    </p>
   </div>
   <div class='ocr_carea' id='block_1_4' title="bbox 199 1333 2090 3502">
    <p class='ocr_par' dir='ltr' id='par_1_4' title="bbox 282 1333 2090 1613">
     <span class='ocr_line' id='line_1_12' title="bbox 284 1333 2088 1415; baseline -0.001 -23"><span class='ocrx_word' id='word_1_83' title='bbox 284 1333 460 1393; x_wconf 89' lang='lat' dir='ltr'>Nihil</span> <span class='ocrx_word' id='word_1_84' title='bbox 500 1337 773 1414; x_wconf 91' lang='lat' dir='ltr'>profecto</span> <span class='ocrx_word' id='word_1_85' title='bbox 820 1356 940 1395; x_wconf 91' lang='lat' dir='ltr'>non</span> <span class='ocrx_word' id='word_1_86' title='bbox 988 1346 1051 1395; x_wconf 87' lang='lat' dir='ltr'>et</span> <span class='ocrx_word' id='word_1_87' title='bbox 1096 1336 1406 1415; x_wconf 89' lang='lat' dir='ltr'>pulchrius</span> <span class='ocrx_word' id='word_1_88' title='bbox 1452 1336 1634 1405; x_wconf 88' lang='lat' dir='ltr'>lucet,</span> <span class='ocrx_word' id='word_1_89' title='bbox 1668 1344 1732 1394; x_wconf 93' lang='lat' dir='ltr'>et</span> <span class='ocrx_word' id='word_1_90' title='bbox 1778 1336 2088 1413; x_wconf 87' lang='lat' dir='ltr'>potentius</span> 
     </span>
     <span class='ocr_line' id='line_1_13' title="bbox 282 1435 2090 1514; baseline -0.001 -21"><span class='ocrx_word' id='word_1_91' title='bbox 282 1443 631 1495; x_wconf 84' lang='lat' dir='ltr'>commovet</span> <span class='ocrx_word' id='word_1_92' title='bbox 664 1437 913 1506; x_wconf 86' lang='lat' dir='ltr'>animos,</span> <span class='ocrx_word' id='word_1_93' title='bbox 947 1437 1157 1495; x_wconf 87' lang='lat' dir='ltr'>addito</span> <span class='ocrx_word' id='word_1_94' title='bbox 1200 1436 1388 1495; x_wconf 85' lang='lat' dir='ltr'>semel</span> <span class='ocrx_word' id='word_1_95' title='bbox 1422 1437 1673 1514; x_wconf 89' lang='lat' dir='ltr'>augurio</span> <span class='ocrx_word' id='word_1_96' title='bbox 1707 1435 1967 1512; x_wconf 88' lang='lat' dir='ltr'>quodam</span> <span class='ocrx_word' id='word_1_97' title='bbox 2003 1437 2090 1493; x_wconf 88' lang='lat' dir='ltr'>di-</span> 
     </span>
     <span class='ocr_line' id='line_1_14' title="bbox 283 1535 1240 1613; baseline 0.004 -24"><span class='ocrx_word' id='word_1_98' title='bbox 283 1535 555 1594; x_wconf 85' lang='lat' dir='ltr'>vinitatis</span> <span class='ocrx_word' id='word_1_99' title='bbox 585 1536 749 1594; x_wconf 92' lang='lat' dir='ltr'>omni</span> <span class='ocrx_word' id='word_1_100' title='bbox 782 1543 957 1613; x_wconf 91' lang='lat' dir='ltr'>parte</span> <span class='ocrx_word' id='word_1_101' title='bbox 991 1536 1240 1594; x_wconf 80' lang='lat' dir='ltr'>diffusae.</span> 
     </span>
    </p>

    <p class='ocr_par' dir='ltr' id='par_1_5' title="bbox 199 1633 2090 3382">
     <span class='ocr_line' id='line_1_15' title="bbox 368 1633 2088 1711; baseline 0.001 -20"><span class='ocrx_word' id='word_1_102' title='bbox 368 1633 509 1692; x_wconf 86' lang='lat' dir='ltr'>Jam</span> <span class='ocrx_word' id='word_1_103' title='bbox 571 1643 781 1694; x_wconf 89' lang='lat' dir='ltr'>autem</span> <span class='ocrx_word' id='word_1_104' title='bbox 844 1634 1027 1693; x_wconf 88' lang='lat' dir='ltr'>solius</span> <span class='ocrx_word' id='word_1_105' title='bbox 1074 1635 1281 1693; x_wconf 87' lang='lat' dir='ltr'>AEneae</span> <span class='ocrx_word' id='word_1_106' title='bbox 1342 1635 1614 1693; x_wconf 88' lang='lat' dir='ltr'>fortunas</span> <span class='ocrx_word' id='word_1_107' title='bbox 1674 1633 1791 1692; x_wconf 87' lang='lat' dir='ltr'>alia</span> <span class='ocrx_word' id='word_1_108' title='bbox 1850 1654 2088 1711; x_wconf 86' lang='lat' dir='ltr'>prorsus</span> 
     </span>
     <span class='ocr_line' id='line_1_16' title="bbox 281 1733 2084 1811; baseline 0.001 -22"><span class='ocrx_word' id='word_1_109' title='bbox 281 1742 489 1791; x_wconf 89' lang='lat' dir='ltr'>mente</span> <span class='ocrx_word' id='word_1_110' title='bbox 521 1734 1023 1811; x_wconf 88' lang='lat' dir='ltr'>contemplamur,</span> <span class='ocrx_word' id='word_1_111' title='bbox 1044 1734 1162 1793; x_wconf 89' lang='lat' dir='ltr'>alia</span> <span class='ocrx_word' id='word_1_112' title='bbox 1185 1735 1313 1811; x_wconf 89' lang='lat' dir='ltr'>ejus</span> <span class='ocrx_word' id='word_1_113' title='bbox 1338 1733 1466 1803; x_wconf 88' lang='lat' dir='ltr'>viri,</span> <span class='ocrx_word' id='word_1_114' title='bbox 1489 1753 1607 1811; x_wconf 90' lang='lat' dir='ltr'>quo</span> <span class='ocrx_word' id='word_1_115' title='bbox 1638 1753 1760 1791; x_wconf 92' lang='lat' dir='ltr'>uno</span> <span class='ocrx_word' id='word_1_116' title='bbox 1791 1733 2084 1791; x_wconf 86' lang='lat' dir='ltr'>contineri</span> 
     </span>
     <span class='ocr_line' id='line_1_17' title="bbox 280 1832 2090 1912; baseline 0.001 -22"><span class='ocrx_word' id='word_1_117' title='bbox 280 1832 679 1912; x_wconf 82' lang='lat' dir='ltr'>intelligimus</span> <span class='ocrx_word' id='word_1_118' title='bbox 711 1835 1053 1892; x_wconf 87' lang='lat' dir='ltr'>universam</span> <span class='ocrx_word' id='word_1_119' title='bbox 1094 1833 1263 1893; x_wconf 89' lang='lat' dir='ltr'>illam</span> <span class='ocrx_word' id='word_1_120' title='bbox 1303 1834 1559 1892; x_wconf 91' lang='lat' dir='ltr'>heroum</span> <span class='ocrx_word' id='word_1_121' title='bbox 1603 1841 1968 1912; x_wconf 88' lang='lat' dir='ltr'>patrumque</span> <span class='ocrx_word' id='word_1_122' title='bbox 2000 1853 2090 1891; x_wconf 89' lang='lat' dir='ltr'>se-</span> 
     </span>
     <span class='ocr_line' id='line_1_18' title="bbox 282 1933 2088 2012; baseline 0 -22"><span class='ocrx_word' id='word_1_123' title='bbox 282 1934 464 1991; x_wconf 90' lang='lat' dir='ltr'>riem:</span> <span class='ocrx_word' id='word_1_124' title='bbox 508 1953 689 2010; x_wconf 90' lang='lat' dir='ltr'>quem</span> <span class='ocrx_word' id='word_1_125' title='bbox 723 1954 900 2011; x_wconf 89' lang='lat' dir='ltr'>porro</span> <span class='ocrx_word' id='word_1_126' title='bbox 931 1934 1205 2012; x_wconf 87' lang='lat' dir='ltr'>graviore</span> <span class='ocrx_word' id='word_1_127' title='bbox 1235 1933 1436 2010; x_wconf 89' lang='lat' dir='ltr'>aliquo</span> <span class='ocrx_word' id='word_1_128' title='bbox 1464 1933 1686 1992; x_wconf 84' lang='lat' dir='ltr'>affectu</span> <span class='ocrx_word' id='word_1_129' title='bbox 1718 1953 2088 2011; x_wconf 88' lang='lat' dir='ltr'>prosequun-</span> 
     </span>
     <span class='ocr_line' id='line_1_19' title="bbox 282 2031 2088 2109; baseline 0.001 -20"><span class='ocrx_word' id='word_1_130' title='bbox 282 2040 382 2090; x_wconf 91' lang='lat' dir='ltr'>tur</span> <span class='ocrx_word' id='word_1_131' title='bbox 413 2053 534 2091; x_wconf 91' lang='lat' dir='ltr'>non</span> <span class='ocrx_word' id='word_1_132' title='bbox 569 2033 854 2091; x_wconf 87' lang='lat' dir='ltr'>mortales</span> <span class='ocrx_word' id='word_1_133' title='bbox 887 2034 1085 2101; x_wconf 87' lang='lat' dir='ltr'>modo,</span> <span class='ocrx_word' id='word_1_134' title='bbox 1118 2053 1330 2091; x_wconf 76' lang='lat' dir='ltr'>verum</span> <span class='ocrx_word' id='word_1_135' title='bbox 1362 2033 1548 2091; x_wconf 90' lang='lat' dir='ltr'>etiam</span> <span class='ocrx_word' id='word_1_136' title='bbox 1584 2031 1686 2090; x_wconf 92' lang='lat' dir='ltr'>Dii</span> <span class='ocrx_word' id='word_1_137' title='bbox 1719 2040 1845 2090; x_wconf 88' lang='lat' dir='ltr'>tam</span> <span class='ocrx_word' id='word_1_138' title='bbox 1872 2031 2088 2109; x_wconf 82' lang='lat' dir='ltr'>Superi</span> 
     </span>
     <span class='ocr_line' id='line_1_20' title="bbox 282 2131 2086 2210; baseline 0 -22"><span class='ocrx_word' id='word_1_139' title='bbox 282 2151 461 2208; x_wconf 88' lang='lat' dir='ltr'>quam</span> <span class='ocrx_word' id='word_1_140' title='bbox 520 2131 766 2189; x_wconf 89' lang='lat' dir='ltr'>Inferni.</span> <span class='ocrx_word' id='word_1_141' title='bbox 859 2132 1078 2203; x_wconf 81' lang='lat' dir='ltr'>Quare,</span> <span class='ocrx_word' id='word_1_142' title='bbox 1135 2134 1233 2209; x_wconf 88' lang='lat' dir='ltr'>qui</span> <span class='ocrx_word' id='word_1_143' title='bbox 1297 2134 1358 2190; x_wconf 92' lang='lat' dir='ltr'>in</span> <span class='ocrx_word' id='word_1_144' title='bbox 1412 2133 1527 2190; x_wconf 89' lang='lat' dir='ltr'>hoc</span> <span class='ocrx_word' id='word_1_145' title='bbox 1580 2133 1826 2210; x_wconf 90' lang='lat' dir='ltr'>negotio</span> <span class='ocrx_word' id='word_1_146' title='bbox 1881 2132 2086 2189; x_wconf 85' lang='lat' dir='ltr'>existi-</span> 
     </span>
     <span class='ocr_line' id='line_1_21' title="bbox 281 2230 2090 2310; baseline 0 -22"><span class='ocrx_word' id='word_1_147' title='bbox 281 2239 452 2289; x_wconf 90' lang='lat' dir='ltr'>mant</span> <span class='ocrx_word' id='word_1_148' title='bbox 487 2230 738 2290; x_wconf 88' lang='lat' dir='ltr'>Poetam</span> <span class='ocrx_word' id='word_1_149' title='bbox 776 2232 958 2290; x_wconf 89' lang='lat' dir='ltr'>verba</span> <span class='ocrx_word' id='word_1_150' title='bbox 1004 2233 1146 2291; x_wconf 91' lang='lat' dir='ltr'>dare</span> <span class='ocrx_word' id='word_1_151' title='bbox 1192 2232 1536 2300; x_wconf 90' lang='lat' dir='ltr'>lectoribus,</span> <span class='ocrx_word' id='word_1_152' title='bbox 1582 2231 1929 2310; x_wconf 87' lang='lat' dir='ltr'>intelligant</span> <span class='ocrx_word' id='word_1_153' title='bbox 1975 2231 2090 2290; x_wconf 89' lang='lat' dir='ltr'>sal-</span> 
     </span>
     <span class='ocr_line' id='line_1_22' title="bbox 281 2329 2087 2407; baseline -0.001 -19"><span class='ocrx_word' id='word_1_154' title='bbox 281 2338 408 2389; x_wconf 86' lang='lat' dir='ltr'>tem</span> <span class='ocrx_word' id='word_1_155' title='bbox 448 2330 647 2400; x_wconf 85' lang='lat' dir='ltr'>velim,</span> <span class='ocrx_word' id='word_1_156' title='bbox 686 2332 829 2407; x_wconf 91' lang='lat' dir='ltr'>quid</span> <span class='ocrx_word' id='word_1_157' title='bbox 876 2350 1017 2389; x_wconf 91' lang='lat' dir='ltr'>eum</span> <span class='ocrx_word' id='word_1_158' title='bbox 1062 2339 1381 2390; x_wconf 89' lang='lat' dir='ltr'>accusent:</span> <span class='ocrx_word' id='word_1_159' title='bbox 1432 2350 1554 2389; x_wconf 93' lang='lat' dir='ltr'>non</span> <span class='ocrx_word' id='word_1_160' title='bbox 1593 2329 1913 2389; x_wconf 89' lang='lat' dir='ltr'>leviculam</span> <span class='ocrx_word' id='word_1_161' title='bbox 1959 2349 2087 2388; x_wconf 89' lang='lat' dir='ltr'>rem</span> 
     </span>
     <span class='ocr_line' id='line_1_23' title="bbox 281 2430 2090 2508; baseline -0.001 -20"><span class='ocrx_word' id='word_1_162' title='bbox 281 2451 426 2500; x_wconf 87' lang='lat' dir='ltr'>esse,</span> <span class='ocrx_word' id='word_1_163' title='bbox 474 2431 579 2489; x_wconf 91' lang='lat' dir='ltr'>sed</span> <span class='ocrx_word' id='word_1_164' title='bbox 627 2432 922 2506; x_wconf 90' lang='lat' dir='ltr'>ejusmodi</span> <span class='ocrx_word' id='word_1_165' title='bbox 964 2432 1182 2508; x_wconf 81' lang='lat' dir='ltr'>potiUS‚</span> <span class='ocrx_word' id='word_1_166' title='bbox 1229 2432 1291 2488; x_wconf 92' lang='lat' dir='ltr'>in</span> <span class='ocrx_word' id='word_1_167' title='bbox 1334 2450 1453 2508; x_wconf 87' lang='lat' dir='ltr'>qua</span> <span class='ocrx_word' id='word_1_168' title='bbox 1499 2437 1770 2489; x_wconf 86' lang='lat' dir='ltr'>vertatur</span> <span class='ocrx_word' id='word_1_169' title='bbox 1813 2430 2090 2487; x_wconf 90' lang='lat' dir='ltr'>universa</span> 
     </span>
     <span class='ocr_line' id='line_1_24' title="bbox 199 2529 2087 2610; baseline -0.001 -22"><span class='ocrx_word' id='word_1_170' title='bbox 199 2540 214 2578; x_wconf 70' lang='grc' dir='ltr'>ἒ</span> <span class='ocrx_word' id='word_1_171' title='bbox 279 2550 402 2589; x_wconf 92' lang='lat' dir='ltr'>non</span> <span class='ocrx_word' id='word_1_172' title='bbox 448 2532 629 2589; x_wconf 89' lang='lat' dir='ltr'>modo</span> <span class='ocrx_word' id='word_1_173' title='bbox 671 2529 917 2610; x_wconf 90' lang='lat' dir='ltr'>Virgilii</span> <span class='ocrx_word' id='word_1_174' title='bbox 967 2531 1146 2601; x_wconf 88' lang='lat' dir='ltr'>fama,</span> <span class='ocrx_word' id='word_1_175' title='bbox 1189 2549 1399 2589; x_wconf 90' lang='lat' dir='ltr'>verum</span> <span class='ocrx_word' id='word_1_176' title='bbox 1452 2530 1639 2588; x_wconf 91' lang='lat' dir='ltr'>etiam</span> <span class='ocrx_word' id='word_1_177' title='bbox 1692 2529 1778 2587; x_wconf 90' lang='lat' dir='ltr'>rei</span> <span class='ocrx_word' id='word_1_178' title='bbox 1830 2529 2087 2607; x_wconf 84' lang='lat' dir='ltr'>poeticae</span> 
     </span>
     <span class='ocr_line' id='line_1_25' title="bbox 280 2630 2090 2710; baseline -0.002 -21"><span class='ocrx_word' id='word_1_179' title='bbox 280 2632 560 2710; x_wconf 89' lang='lat' dir='ltr'>dignitas.</span> <span class='ocrx_word' id='word_1_180' title='bbox 616 2630 1083 2708; x_wconf 82' lang='lat' dir='ltr'>Quemquamne</span> <span class='ocrx_word' id='word_1_181' title='bbox 1104 2630 1407 2699; x_wconf 88' lang='lat' dir='ltr'>videlicet,</span> <span class='ocrx_word' id='word_1_182' title='bbox 1428 2631 1692 2709; x_wconf 91' lang='lat' dir='ltr'>ingenua</span> <span class='ocrx_word' id='word_1_183' title='bbox 1714 2636 1921 2688; x_wconf 91' lang='lat' dir='ltr'>mente</span> <span class='ocrx_word' id='word_1_184' title='bbox 1943 2648 2090 2706; x_wconf 88' lang='lat' dir='ltr'>prae-</span> 
     </span>
     <span class='ocr_line' id='line_1_26' title="bbox 279 2729 2090 2808; baseline -0.002 -19"><span class='ocrx_word' id='word_1_185' title='bbox 279 2732 492 2799; x_wconf 86' lang='lat' dir='ltr'>ditum,</span> <span class='ocrx_word' id='word_1_186' title='bbox 526 2731 731 2808; x_wconf 90' lang='lat' dir='ltr'>magni</span> <span class='ocrx_word' id='word_1_187' title='bbox 764 2731 1061 2789; x_wconf 79' lang='lat' dir='ltr'>aestimare</span> <span class='ocrx_word' id='word_1_188' title='bbox 1106 2729 1273 2789; x_wconf 90' lang='lat' dir='ltr'>illam</span> <span class='ocrx_word' id='word_1_189' title='bbox 1312 2737 1524 2797; x_wconf 88' lang='lat' dir='ltr'>artem,</span> <span class='ocrx_word' id='word_1_190' title='bbox 1558 2731 1727 2807; x_wconf 89' lang='lat' dir='ltr'>cujus</span> <span class='ocrx_word' id='word_1_191' title='bbox 1758 2730 1820 2787; x_wconf 93' lang='lat' dir='ltr'>in</span> <span class='ocrx_word' id='word_1_192' title='bbox 1852 2747 2090 2787; x_wconf 90' lang='lat' dir='ltr'>summa</span> 
     </span>
     <span class='ocr_line' id='line_1_27' title="bbox 279 2828 2087 2908; baseline -0.001 -20"><span class='ocrx_word' id='word_1_193' title='bbox 279 2829 458 2889; x_wconf 89' lang='lat' dir='ltr'>laude</span> <span class='ocrx_word' id='word_1_194' title='bbox 504 2838 567 2888; x_wconf 91' lang='lat' dir='ltr'>et</span> <span class='ocrx_word' id='word_1_195' title='bbox 613 2830 982 2890; x_wconf 85' lang='lat' dir='ltr'>excellentia</span> <span class='ocrx_word' id='word_1_196' title='bbox 1031 2837 1241 2889; x_wconf 89' lang='lat' dir='ltr'>tantus</span> <span class='ocrx_word' id='word_1_197' title='bbox 1294 2836 1503 2908; x_wconf 89' lang='lat' dir='ltr'>pateat</span> <span class='ocrx_word' id='word_1_198' title='bbox 1554 2828 2087 2906; x_wconf 80' lang='lat' dir='ltr'>importunissimae</span> 
     </span>
     <span class='ocr_line' id='line_1_28' title="bbox 278 2929 2088 3007; baseline -0.001 -20"><span class='ocrx_word' id='word_1_199' title='bbox 278 2930 474 2988; x_wconf 88' lang='lat' dir='ltr'>fraudi</span> <span class='ocrx_word' id='word_1_200' title='bbox 514 2930 726 2989; x_wconf 71' lang='lat' dir='ltr'>locus?</span> <span class='ocrx_word' id='word_1_201' title='bbox 820 2929 1140 3007; x_wconf 85' lang='lat' dir='ltr'>Equidem,</span> <span class='ocrx_word' id='word_1_202' title='bbox 1174 2931 1276 3006; x_wconf 93' lang='lat' dir='ltr'>qui</span> <span class='ocrx_word' id='word_1_203' title='bbox 1322 2930 1385 2987; x_wconf 92' lang='lat' dir='ltr'>in</span> <span class='ocrx_word' id='word_1_204' title='bbox 1431 2930 1609 2987; x_wconf 87' lang='lat' dir='ltr'>istam</span> <span class='ocrx_word' id='word_1_205' title='bbox 1656 2929 1911 3007; x_wconf 90' lang='lat' dir='ltr'>pedibus</span> <span class='ocrx_word' id='word_1_206' title='bbox 1951 2929 2088 2986; x_wconf 91' lang='lat' dir='ltr'>ierit</span> 
     </span>
     <span class='ocr_line' id='line_1_29' title="bbox 279 3024 2086 3106; baseline -0.002 -20"><span class='ocrx_word' id='word_1_207' title='bbox 279 3029 663 3096; x_wconf 89' lang='lat' dir='ltr'>sententiam,</span> <span class='ocrx_word' id='word_1_208' title='bbox 695 3047 905 3086; x_wconf 88' lang='lat' dir='ltr'>vereor</span> <span class='ocrx_word' id='word_1_209' title='bbox 941 3047 1018 3086; x_wconf 89' lang='lat' dir='ltr'>ne</span> <span class='ocrx_word' id='word_1_210' title='bbox 1049 3028 1215 3086; x_wconf 87' lang='lat' dir='ltr'>brevi</span> <span class='ocrx_word' id='word_1_211' title='bbox 1246 3027 1570 3105; x_wconf 80' lang='grc' dir='ltr'>μισόλογος</span> <span class='ocrx_word' id='word_1_212' title='bbox 1601 3028 1846 3106; x_wconf 86' lang='lat' dir='ltr'>quidam</span> <span class='ocrx_word' id='word_1_213' title='bbox 1880 3024 2086 3104; x_wconf 90' lang='lat' dir='ltr'>(quem</span> 
     </span>
     <span class='ocr_line' id='line_1_30' title="bbox 281 3127 2086 3206; baseline 0 -22"><span class='ocrx_word' id='word_1_214' title='bbox 281 3135 457 3185; x_wconf 86' lang='lat' dir='ltr'>vocat</span> <span class='ocrx_word' id='word_1_215' title='bbox 479 3127 684 3202; x_wconf 87' lang='lat' dir='ltr'>Plato)</span> <span class='ocrx_word' id='word_1_216' title='bbox 711 3129 965 3197; x_wconf 87' lang='lat' dir='ltr'>evadat;</span> <span class='ocrx_word' id='word_1_217' title='bbox 1011 3146 1088 3185; x_wconf 94' lang='lat' dir='ltr'>ne</span> <span class='ocrx_word' id='word_1_218' title='bbox 1120 3127 1270 3185; x_wconf 90' lang='lat' dir='ltr'>nihil</span> <span class='ocrx_word' id='word_1_219' title='bbox 1303 3128 1547 3186; x_wconf 89' lang='lat' dir='ltr'>omnino</span> <span class='ocrx_word' id='word_1_220' title='bbox 1580 3129 1733 3186; x_wconf 88' lang='lat' dir='ltr'>serio</span> <span class='ocrx_word' id='word_1_221' title='bbox 1764 3128 1859 3206; x_wconf 90' lang='lat' dir='ltr'>agi</span> <span class='ocrx_word' id='word_1_222' title='bbox 1893 3133 2086 3205; x_wconf 88' lang='lat' dir='ltr'>putet,</span> 
     </span>
     <span class='ocr_line' id='line_1_31' title="bbox 279 3225 2088 3304; baseline -0.001 -20"><span class='ocrx_word' id='word_1_223' title='bbox 279 3247 355 3285; x_wconf 90' lang='lat' dir='ltr'>ne</span> <span class='ocrx_word' id='word_1_224' title='bbox 408 3227 471 3284; x_wconf 90' lang='lat' dir='ltr'>in</span> <span class='ocrx_word' id='word_1_225' title='bbox 522 3226 1014 3304; x_wconf 90' lang='lat' dir='ltr'>philosophorum</span> <span class='ocrx_word' id='word_1_226' title='bbox 1067 3226 1312 3304; x_wconf 90' lang='lat' dir='ltr'>quidem</span> <span class='ocrx_word' id='word_1_227' title='bbox 1366 3227 1550 3297; x_wconf 89' lang='lat' dir='ltr'>libris,</span> <span class='ocrx_word' id='word_1_228' title='bbox 1591 3227 1817 3285; x_wconf 89' lang='lat' dir='ltr'>nedum</span> <span class='ocrx_word' id='word_1_229' title='bbox 1869 3225 2088 3284; x_wconf 88' lang='lat' dir='ltr'>Poeta-</span> 
     </span>
     <span class='ocr_line' id='line_1_32' title="bbox 278 3345 432 3382; baseline 0 0"><span class='ocrx_word' id='word_1_230' title='bbox 278 3345 432 3382; x_wconf 87' lang='lat' dir='ltr'>rum.</span> 
     </span>
    </p>

    <p class='ocr_par' dir='ltr' id='par_1_6' title="bbox 364 3424 2082 3502">
     <span class='ocr_line' id='line_1_33' title="bbox 364 3424 2082 3502; baseline -0.001 -19"><span class='ocrx_word' id='word_1_231' title='bbox 364 3424 497 3483; x_wconf 86' lang='lat' dir='ltr'>“At</span> <span class='ocrx_word' id='word_1_232' title='bbox 552 3425 713 3482; x_wconf 90' lang='lat' dir='ltr'>enim</span> <span class='ocrx_word' id='word_1_233' title='bbox 776 3433 951 3502; x_wconf 89' lang='lat' dir='ltr'>porta</span> <span class='ocrx_word' id='word_1_234' title='bbox 1004 3428 1249 3496; x_wconf 87' lang='lat' dir='ltr'>eburna,</span> <span class='ocrx_word' id='word_1_235' title='bbox 1303 3427 1591 3485; x_wconf 88' lang='lat' dir='ltr'>falsorum</span> <span class='ocrx_word' id='word_1_236' title='bbox 1652 3424 2082 3485; x_wconf 84' lang='lat' dir='ltr'>insomniorum</span> 
     </span>
    </p>
   </div>
   <div class='ocr_carea' id='block_1_5' title="bbox 1010 3615 1357 3670">
    <p class='ocr_par' dir='ltr' id='par_1_7' title="bbox 1010 3615 1357 3670">
     <span class='ocr_line' id='line_1_34' title="bbox 1010 3615 1357 3670; baseline 0.003 -12"><span class='ocrx_word' id='word_1_237' title='bbox 1010 3622 1024 3640; x_wconf 78' lang='lat'>‘²</span> <span class='ocrx_word' id='word_1_238' title='bbox 1048 3615 1163 3659; x_wconf 81' lang='lat' dir='ltr'>AEn.</span> <span class='ocrx_word' id='word_1_239' title='bbox 1183 3615 1227 3659; x_wconf 92' lang='lat'>6.</span> <span class='ocrx_word' id='word_1_240' title='bbox 1253 3615 1357 3670; x_wconf 84' lang='lat'><strong>640.</strong></span> 
     </span>
    </p>
   </div>
  </div>
 </body>
</html>
