2288 4036
262 204 371 258 704
719 206 805 258 De
826 205 1138 258 Lucretiam
1163 205 1332 274 operis
1357 204 1606 260 clausula.
1722 226 1882 261 PRAEL.
1897 227 2062 261 XXXV.

507 349 702 407 Insuper
722 349 947 392 instructa
967 348 1142 405 ingenti
1164 350 1360 394 clamore
1381 349 1607 403 locabant,

507 420 866 480 Subdebantque
887 420 1023 473 faces,
1046 423 1193 467 multo
1215 438 1321 467 cum
1345 424 1582 482 sanguine,
1607 439 1727 483 saepe

505 494 721 539 Rixantes
743 494 895 553 potius
919 510 1057 554 quam
1081 510 1270 555 corpora
1292 496 1621 543 desererentur.

260 590 494 650 Mirum
529 611 670 650 vero
707 592 891 650 finem
936 594 1131 670 operis
1169 595 1441 652 omnium
1473 594 1842 672 amplissimi,
1875 599 2066 655 maxi-

257 711 479 768 meque
509 692 870 769 pertinentis
895 693 968 750 ad
1003 712 1301 751 summam
1336 693 1751 770 philosophiae,
1773 695 2062 773 vitaeque!

259 790 371 848 nisi
413 791 555 867 quia
599 790 887 849 credibile
934 798 1043 859 est,
1088 791 1388 849 defessum
1438 791 1617 868 plane
1662 794 1914 851 materie
1960 814 2066 852 sua

262 888 635 967 Scriptorem
659 910 781 948 non
806 890 957 948 adeo
982 889 1378 948 vehementer
1407 889 1724 959 laborasse,
1750 911 1928 968 quam
1963 913 2067 970 po-

167 1028 173 1039 ,
259 989 562 1047 tissimum
593 988 926 1047 clausulam
965 989 1306 1066 imponeret
1347 989 1704 1066 imperfecto
1737 998 1800 1047 et
1829 992 2066 1068 ingrato

260 1089 443 1165 operi.
537 1088 702 1147 Nam
745 1088 895 1147 illud
937 1089 1182 1165 quidem
1229 1087 1396 1146 nulla
1441 1089 1583 1147 satis
1600 1097 1791 1147 ‘certa
1835 1092 2067 1149 ratione

259 1186 544 1266 colligere
590 1207 925 1265 possumuS,
964 1188 1267 1265 scripsisse
1314 1207 1455 1246 eum
1499 1186 1693 1265 plura,
1724 1208 1904 1265 quam
1937 1211 2068 1267 quae

257 1295 579 1364 supersunt
633 1287 848 1346 hodie:
904 1288 1237 1365 praesertim
1290 1308 1430 1346 cum
1483 1288 1628 1365 ipse,
1681 1287 1855 1346 initio
1909 1290 2067 1347 sexti

258 1386 413 1454 libri,
475 1406 538 1445 se
587 1387 717 1464 jam
778 1406 1019 1445 currere
1081 1388 1503 1446 demonstretP
1563 1407 1862 1464 supremae
1922 1409 2069 1466 prae-

258 1486 483 1563 scripta
513 1488 587 1545 ad
619 1487 875 1545 candida
906 1485 1102 1545 calcis.

347 1586 550 1655 Quare
589 1586 650 1644 id
693 1587 756 1643 in
794 1605 1078 1644 concesso
1124 1585 1437 1656 habeatur,
1469 1586 1745 1665 religioni
1777 1587 2069 1664 quodam-

258 1685 441 1743 modo
474 1686 633 1744 viam
674 1694 1037 1762 praestruere
1073 1685 1448 1754 Lucretium,
1481 1706 1622 1744 cum
1655 1686 1885 1746 flebiles
1915 1688 2065 1746 adeo

259 1783 591 1841 cantilenas
636 1791 815 1842 canat
852 1783 929 1842 de
977 1785 1257 1842 universa
1297 1803 1402 1861 spe
1443 1784 1777 1854 hominum,
1810 1806 1931 1843 non
1976 1805 2069 1844 so-

259 1883 384 1940 lum
434 1882 597 1962 vulgi
654 1884 756 1942 sed
809 1890 871 1941 et
921 1883 1165 1942 familiae
1215 1895 1399 1943 suae.'
1453 1883 1663 1942 Liceat
1698 1885 1829 1962 jam
1874 1886 2067 1962 majus

258 1982 481 2041 addere
525 1983 789 2060 aliquid3
835 2003 956 2060 prae
1002 2003 1065 2042 se
1109 1983 1266 2042 ferre
1313 2003 1452 2042 eum
1499 1983 1780 2042 videlicet
1818 1985 2069 2043 obscura

259 2083 533 2159 quaedam
566 2084 737 2162 signa
765 2084 828 2141 in
859 2083 1075 2142 altiora
1106 2085 1507 2162 assurgentis:
1551 2085 1638 2143 ita
1661 2090 1884 2153 tamen,
1909 2092 1979 2142 ut
2005 2085 2065 2142 in

259 2201 470 2240 somno
501 2184 695 2261 magis
715 2184 874 2241 viam
900 2183 1067 2258 quasi
1099 2183 1259 2240 ultro
1294 2183 1538 2260 palpare
1569 2183 1865 2254 videatur,
1885 2204 2066 2261 quam

260 2280 383 2339 ulla
436 2289 601 2340 certa
654 2301 759 2359 spe
813 2282 970 2348 duci,
1014 2281 1256 2357 qualem
1306 2281 1629 2360 vigilantes
1682 2282 1909 2340 habent
1960 2282 2067 2340 ho-

260 2382 471 2440 mines.

351 2479 576 2550 PrimO,
608 2481 768 2557 quod
803 2480 1054 2538 Infinita
1098 2479 1218 2550 illa,
1251 2480 1436 2538 toties
1470 2480 1601 2556 jam
1647 2500 1682 2538 a
1727 2480 1897 2538 nobis
1942 2500 2068 2539 me-

257 2587 507 2649 morata,
543 2579 688 2657 (quo
721 2600 841 2638 uno
871 2599 1094 2659 genere
1136 2580 1404 2638 maxime
1446 2581 1793 2638 continetur
1832 2599 2068 2638 summa

258 2679 639 2738 Lucretianae
687 2680 994 2755 Poeseos,)
1039 2688 1180 2737 sunt
1226 2681 1356 2757 ipsa
1397 2680 1501 2754 (sit
1548 2679 1723 2737 venia
1768 2679 2064 2757 loquenti)

256 2777 427 2836 velut
454 2777 572 2836 Dei
604 2778 878 2857 vestigia,
902 2785 1138 2837 naturae
1169 2778 1485 2836 hominum
1518 2778 1821 2855 impressa.
1893 2777 2063 2834 Num

256 2876 355 2933 cui
396 2876 682 2935 credibile
721 2883 833 2947 est,
867 2879 1307 2936 somniaturum
1351 2898 1414 2936 se
1458 2877 1583 2934 ullo
1625 2883 1899 2954 tempore
1940 2878 2065 2935 sive

258 2976 333 3032 de
382 2977 678 3034 immenso
721 2983 784 3034 et
818 2996 968 3055 vago
1015 2976 1304 3035 caelorum
1350 2977 1563 3054 spatiO,
1595 2976 1720 3034 sive
1762 2976 1837 3033 de
1877 2977 2066 3053 puris-

258 3075 410 3132 sima
454 3074 607 3143 luce,
653 3095 759 3134 seu
806 3077 1067 3153 denique
1114 3077 1189 3134 de
1233 3084 1407 3134 motu
1453 3075 1575 3145 illo,
1623 3095 1742 3153 prae
1787 3075 2064 3133 omnibus

261 3173 448 3231 ferme
478 3176 745 3232 numeris
771 3175 1106 3245 celerrimo,
1128 3177 1188 3233 ni
1214 3176 1371 3234 foret
1402 3195 1509 3253 per
1539 3176 1855 3235 obscuram
1880 3193 2065 3251 quan-

258 3272 398 3330 dam
431 3273 653 3332 divinae
686 3275 1122 3354 magnitudinis
1153 3275 1487 3343 notionem,
1518 3275 1905 3332 informatam
1937 3293 2065 3330 om-

255 3372 424 3428 nium
478 3373 740 3432 animis?
832 3374 1234 3452 Quapropter,
1287 3375 1390 3451 qui
1450 3374 1543 3432 his
1597 3372 2063 3451 cogitationibus

256 3480 604 3549 occupatur,
638 3472 811 3530 illum
846 3474 1102 3531 dixerim
1136 3473 1232 3531 vel
1271 3474 1721 3551 imprudentem
1760 3477 1966 3530 sancta
1996 3478 2058 3528 et

257 3590 398 3628 vera
429 3571 541 3629 sibi
575 3592 862 3649 quaerere.

980 3681 1000 3711 Ρ
1035 3674 1169 3720 Lucr.
1195 3674 1237 3719 6.
1261 3690 1334 3734 91.
