2288 4036
130 275 285 307 PRAEL.
306 271 450 305 xxv1.
501 258 607 305 tum
631 267 799 312 sacra,
824 257 929 301 tum
955 249 1152 301 Heroas
1176 264 1437 316 eorumque
1459 252 1698 316 coynatos.
1765 247 1873 297 533

422 393 480 437 ὧν
501 392 597 437 θεὸς
616 391 753 448 ἁβρὸν
773 392 891 447 αὔξει
912 391 1048 448 λόγον
1067 389 1331 433 τεθνακότων

419 464 633 517 βοαθόων,
654 463 721 507 τοὶ
740 462 858 519 παρὰ
876 461 1012 520 μέγαν
1032 462 1235 520 ὀμφαλὸν
1255 461 1523 518 εὐρυκόλπου

420 539 558 594 μόλον
575 536 745 594 χθονός·
778 535 823 579 ἐν
843 534 1048 579 Πυθίοισι
1069 534 1120 578 δέ
1138 533 1337 579 δαπέδοις

421 611 567 661 κεῖται,
589 607 784 665 Πριάμου
804 609 933 651 πόλιν
954 609 1258 664 Νεοπτόλεμος
1278 606 1369 650 ἐπεὶ
1388 604 1564 663 πράθεν·

421 683 474 737 τᾷ
495 680 562 723 καὶ
585 679 742 724 Δαναοὶ
763 681 972 735 πόνησαν.

133 775 337 851 Atque
379 774 503 832 haec
548 794 624 831 ex
668 774 925 831 carmine
956 774 1211 849 quodam
1244 772 1529 830 Nemeaeo
1574 772 1877 847 excerpsi:

132 893 247 949 quo
296 873 489 928 minus
544 872 771 934 mirere,
821 872 959 947 ipsis
1005 872 1066 927 in
1115 870 1343 947 Pythiis
1389 870 1605 946 passim
1655 867 1880 926 laudari

132 966 392 1048 ὀμφαλὸν
435 968 604 1025 illum
648 967 948 1046 ἐριβρόμου
990 967 1209 1046 χθονός.
1300 967 1456 1024 Eum
1502 967 1706 1042 quanti
1742 963 1879 1022 AES-

133 1067 336 1144 chylus
366 1066 588 1133 fecerit,
620 1073 758 1122 ante
792 1066 919 1140 jam
960 1065 1238 1141 exposui:
1290 1064 1593 1132 Pindarus,
1623 1064 1749 1140 pari
1779 1061 1876 1120 sed

133 1162 394 1222 dissimili
439 1162 671 1228 affectn,
716 1170 1032 1218 veneratur
1076 1181 1194 1218 non
1238 1162 1416 1217 modo
1462 1161 1721 1218 divinam
1768 1159 1883 1217 loci

130 1261 520 1336 majestatem,
551 1278 756 1315 verum
787 1259 968 1316 etiam
1002 1259 1338 1334 juventutis
1368 1277 1485 1314 suae
1514 1258 1882 1333 memoriam,

133 1363 194 1413 et
228 1356 393 1430 siqua
425 1355 691 1411 miranda
720 1361 782 1411 et
811 1373 1022 1411 arcana
1051 1355 1124 1411 de
1154 1353 1332 1430 adyto
1362 1372 1430 1410 ac
1462 1353 1706 1429 tripode,
1738 1371 1887 1429 puer

133 1472 268 1510 cum
299 1458 467 1519 esset,
499 1451 781 1508 audierat.

213 1549 352 1606 Jam
402 1547 550 1606 illud
597 1549 778 1605 etiam
832 1548 1056 1624 optime
1103 1547 1418 1604 convenire
1465 1547 1702 1604 videtur
1747 1565 1885 1604 cum

134 1645 353 1702 eximio
388 1645 491 1702 illo
522 1645 859 1703 Thebarum
905 1664 1142 1703 suarum
1185 1663 1402 1712 amore,
1433 1645 1590 1720 quod
1633 1643 1887 1700 multam

133 1743 445 1819 aliquando
485 1763 699 1801 navare
739 1744 890 1801 solet
932 1763 1171 1819 operam
1217 1745 1279 1800 in
1321 1762 1525 1800 eorum
1571 1743 1752 1818 stirpe
1789 1742 1890 1799 de-

135 1841 418 1908 ducenda,
463 1841 812 1916 quicunque,
856 1841 903 1898 si
947 1841 1105 1899 fides·
1137 1847 1408 1898 veterum
1456 1839 1689 1908 fabulis,
1730 1858 1890 1914 pros-

135 1939 265 2014 apia
286 1938 517 1996 Thebas
546 1939 888 2016 tangebant,
919 1940 1031 1996 etsi
1061 1938 1385 2015 plurimum
1428 1945 1689 1994 remota:
1738 1937 1891 2012 ejus-

134 2035 296 2093 modi
340 2035 525 2092 ferme
575 2054 714 2092 usus
759 2035 1082 2113 diligentia,
1128 2055 1244 2111 qua
1289 2034 1560 2092 Scoticus
1605 2034 1707 2091 ille
1752 2033 1892 2090 Pin-

137 2134 325 2199 daruS,
372 2152 551 2208 quem
609 2134 822 2208 saepius
879 2134 1057 2190 modo
1116 2132 1479 2201 memoravi3
1542 2132 1641 2208 qui
1694 2131 1891 2189 satiari

139 2230 531 2288 delectatione
560 2249 680 2286 non
709 2236 925 2305 potest,
948 2230 1179 2305 quoties
1209 2230 1557 2286 numerandi
1590 2235 1727 2286 sunt
1754 2248 1892 2285 avo-

137 2346 267 2384 rum
317 2328 409 2383 avi
459 2327 616 2402 apud
665 2327 908 2383 domum
958 2327 1217 2401 aliquam
1262 2327 1335 2383 de
1381 2325 1892 2401 splendidioribUS,

65 2419 68 2422 ’
139 2442 267 2499 quae
310 2425 431 2481 sive
476 2425 769 2480 nascendo
813 2424 935 2481 sive
981 2424 1260 2480 nubendo
1304 2423 1378 2479 ad
1430 2442 1598 2480 suam
1650 2423 1893 2479 domum
1955 2497 1961 2502 θ

138 2522 431 2597 pertinere
476 2521 764 2578 videatur.
860 2519 1149 2577 Pindarus
1200 2520 1407 2594 utique
1456 2518 1894 2594 Stymphalum,

141 2617 492 2676 Arcadicam
528 2619 754 2685 urbem,
788 2637 940 2674 curae
979 2618 1088 2674 sibi
1126 2618 1250 2673 fore
1294 2618 1601 2693 significat,
1633 2617 1896 2673 maxime

142 2716 413 2790 quoniam
447 2734 523 2772 ex
554 2734 625 2772 ea
659 2716 900 2792 regione
943 2714 1334 2790 perhibebant
1365 2733 1491 2770 esse
1522 2721 1713 2770 ortam
1744 2713 1896 2770 The-

140 2811 275 2869 bam
306 2813 501 2869 nescio
532 2831 726 2887 quam,
758 2812 923 2887 cujus
954 2812 1015 2868 in
1045 2810 1237 2868 tutela
1267 2818 1435 2867 erant
1465 2810 1687 2868 Thebae
1699 2806 1742 2865 d.

431 2932 716 2990 ματρομάτωρ
740 2931 820 2988 ἐμὰ
841 2930 1104 2989 Στυμφάλις,
1127 2929 1303 2986 εὐάνθης
1324 2931 1529 2982 Μετώπα,

434 3004 693 3060 Πλάξιππον
712 3004 739 3047 ἁ
762 3003 912 3060 Θήβαν
932 3005 1106 3055 ἔτικτεν,
1129 3004 1204 3046 τᾶς
1225 3001 1438 3059 ἐρατεινὸν
1458 3000 1573 3058 ὕδωρ

432 3076 597 3133 πίομαι,
619 3075 828 3133 ἀνδράσιν
849 3075 1103 3133 αἶχματαῖσι
1122 3074 1293 3118 πλεκὼν

432 3148 631 3192 ποίκιλον
650 3146 796 3204 ὕμνον.

145 3240 398 3299 Habetis
449 3244 741 3300 rationem
793 3242 933 3300 satis
990 3241 1166 3318 longe
1219 3242 1578 3309 arcessitam,
1630 3242 1690 3297 ni
1743 3241 1897 3298 foret

145 3335 343 3395 Poetae
385 3341 685 3416 praecipua
715 3340 988 3415 quaedam
1019 3338 1229 3396 talium
1259 3357 1455 3395 rerum
1492 3357 1631 3395 cura
1668 3358 1736 3395 ac
1774 3345 1898 3395 stu-

144 3433 322 3491 dium.
418 3436 680 3513 Cyrenas
708 3436 927 3511 alioqui
959 3435 1255 3493 celebrare
1284 3436 1482 3512 gestit,
1513 3435 1614 3493 filo
1644 3441 1896 3511 repertO,

873 3629 889 3654 ‘¹
914 3631 981 3674 Ol.
1007 3630 1048 3674 6.
1078 3645 1174 3685 142.
