2288 4036
128 227 282 260 PRAEL.
304 226 431 259 xxv,
515 207 595 257 De
605 205 798 275 jejunis
821 223 1115 276 maynorum
1140 206 1426 258 carminum
1451 206 1632 259 initiis.
1772 211 1873 267 491

130 357 276 414 tum,
301 356 530 424 repetat
559 349 608 404 is
637 348 816 405 velim
844 349 1130 405 memoria
1159 348 1357 424 magni
1381 348 1665 422 cujusque
1689 351 1878 424 operis

130 445 315 513 initia,
346 451 634 518 quantum
665 443 903 518 quidem
945 463 1015 499 ea
1052 443 1368 500 divinando
1412 444 1641 518 assequi
1684 443 1877 500 liceat.

132 539 404 598 Inveniet
448 539 557 596 hac
601 539 732 615 lege
763 540 951 595 teneri
982 558 1100 595 non
1130 558 1230 596 eos
1261 539 1452 596 solum
1483 540 1583 614 qui
1614 539 1879 596 scribunt

131 637 402 702 carmina,
434 654 635 692 verum
670 636 850 692 etiam
886 655 1089 693 omnes
1120 637 1219 710 qui
1259 635 1455 711 aliquo
1485 636 1663 692 modo
1694 635 1880 693 velint

130 733 349 809 ingenii
401 732 627 789 fructus
674 733 866 799 edere,
910 739 980 788 ut
1029 732 1222 789 multo
1273 732 1501 789 facilius
1551 731 1879 806 meliusque

130 848 221 886 res
250 829 546 903 procedat,
579 829 886 885 exordium
918 829 1271 886 ducentibus
1300 848 1336 886 a
1364 828 1594 885 minuta
1625 829 1878 903 quadam

104 931 311 999 parte,
344 944 516 999 quam
550 926 885 982 universum
918 925 1082 999 quasi
1119 944 1316 981 rerum
1353 925 1555 981 orbem
1586 924 1880 1000 complec-

129 1021 408 1078 tentibus.
470 1020 727 1077 Memini
751 1021 1025 1096 equidem
1054 1040 1152 1078 me
1182 1021 1390 1096 saepius
1413 1021 1721 1088 audivisse,
1742 1040 1878 1078 cum

130 1118 392 1175 dicerent
422 1120 705 1195 ingeniosi
731 1119 854 1186 viri,
875 1119 1348 1175 commodissime
1378 1119 1679 1174 informari
1709 1138 1879 1194 posse

119 1215 420 1289 juniorum
468 1215 703 1291 stylum,
749 1214 796 1271 si
841 1234 932 1271 res
976 1216 1049 1272 ad
1095 1215 1517 1290 disputandum
1561 1216 1879 1290 propositae

118 1310 439 1385 jejuniores
469 1330 646 1386 quam
676 1310 927 1368 laxiores
958 1330 1085 1368 esse
1114 1312 1458 1369 videantur:
1509 1311 1726 1387 quippe
1755 1331 1881 1370 rec-

129 1407 246 1463 tius
277 1414 338 1464 et
368 1408 703 1483 expeditius
734 1408 945 1464 deduci
981 1427 1151 1483 posse
1179 1427 1307 1464 rem
1337 1427 1632 1483 quamque
1663 1409 1737 1465 de
1767 1408 1880 1464 sin-

127 1503 444 1580 gularibus,
480 1524 607 1579 quae
647 1511 860 1561 vocant
903 1504 1097 1581 logici,
1142 1506 1216 1561 ad
1261 1505 1546 1572 universa,
1583 1523 1761 1580 quam
1805 1505 1880 1562 de

128 1600 411 1657 universis
455 1601 527 1657 ad
574 1599 904 1677 singularia.
994 1599 1089 1657 Ac
1128 1601 1326 1657 nescio
1368 1619 1506 1657 sane
1549 1621 1624 1658 an
1668 1619 1738 1658 ea
1781 1600 1881 1657 lex

128 1695 537 1754 vehementius
567 1716 800 1772 quoque
843 1697 1138 1772 pertineat
1181 1698 1255 1754 ad
1287 1696 1520 1766 Poesin‚
1551 1717 1667 1773 quo
1706 1697 1881 1754 latius

129 1793 285 1867 apud
315 1811 444 1850 eam
478 1795 816 1850 dominetur
854 1794 1157 1851 oculorum
1197 1795 1379 1852 etiam
1414 1813 1532 1851 non
1576 1795 1757 1851 animi
1791 1813 1883 1852 so-

128 1888 242 1946 lius
260 1890 582 1964 judicium:
614 1909 863 1966 quorum
894 1891 1084 1948 omnis
1112 1891 1413 1967 provincia
1442 1891 1684 1968 singulis
1707 1891 1882 1949 rebus

129 1986 482 2043 continetur.

215 2081 431 2158 Neque
464 2102 599 2140 vero
629 2084 1049 2160 amplissimam
1081 2083 1283 2141 Poetis
1316 2084 1677 2160 denegamus
1707 2083 1883 2142 liber-

129 2184 332 2246 tatem,
360 2198 475 2253 qua
504 2198 582 2247 se,
615 2199 851 2254 quoquo
884 2179 1084 2246 velint,
1117 2178 1441 2235 effundant.
1531 2178 1678 2247 Quis
1722 2181 1882 2236 enim

129 2276 316 2332 nescit
359 2274 613 2332 alacrem
658 2276 838 2342 illam,
870 2275 1239 2343 indefessam,
1271 2276 1564 2332 infinitam
1595 2277 1714 2332 vim
1758 2295 1883 2334 me-

127 2372 350 2437 moriae,
382 2391 496 2446 qua
527 2372 718 2429 solent
747 2373 903 2428 inter
932 2390 993 2428 se
1024 2370 1285 2447 colligari
1330 2372 1492 2427 miris
1535 2372 1725 2429 modis
1758 2392 1883 2429 om-

128 2467 226 2524 nia
267 2468 383 2536 illa,
416 2488 550 2543 quae
589 2467 683 2524 vel
727 2467 871 2524 locis
907 2467 1002 2524 vel
1042 2466 1409 2541 temporibus
1454 2467 1663 2523 iisdem
1708 2468 1879 2536 facta,

129 2562 302 2631 dicta,
335 2570 664 2639 conspecta,
697 2564 1034 2639 excogitata
1069 2563 1329 2620 fuerint?
1418 2561 1608 2620 Verbi
1651 2566 1879 2640 gratia:

130 2678 405 2715 coronam
457 2659 785 2735 oleaginam
838 2661 1036 2733 ecquis
1088 2659 1210 2716 ullo
1258 2666 1527 2734 tempore
1571 2663 1882 2736 conspexit

131 2762 398 2811 veterum
429 2755 759 2822 Graiorum,
788 2775 907 2811 non
950 2764 1224 2813 revocata
1268 2757 1468 2813 statim
1501 2755 1779 2814 Herculis
1820 2765 1882 2815 et

132 2850 427 2927 Olympiae
470 2852 793 2909 memoria?
838 2853 938 2927 qui
969 2854 1146 2909 modo
1177 2853 1359 2910 semel
1396 2853 1687 2909 audiverit
1717 2854 1884 2911 fabu-

130 2946 250 3003 lam
279 2946 458 3014 illam,
490 2967 666 3022 quam
696 2949 952 3006 narravit
983 2948 1201 3007 alicubi
1234 2947 1539 3016 PindaruS,
1573 2950 1646 3006 de
1675 2950 1883 3007 arbore

129 3042 231 3099 illa
259 3044 448 3118 primo
477 3042 643 3100 illata
668 3044 730 3100 in
762 3044 1067 3112 Graeciam,
1099 3065 1175 3102 ne
1207 3045 1360 3102 desit
1388 3064 1542 3102 novo
1573 3048 1883 3104 certamini

129 3141 394 3214 proprius
417 3158 484 3196 ac
513 3140 786 3215 perennis
814 3140 1018 3198 honos,
1093 3141 1452 3219 Intelligitis,
1475 3143 1699 3219 opinor,
1717 3144 1882 3201 nullo

129 3236 387 3312 negotiO,
422 3235 523 3292 vix
566 3237 885 3312 quidquam
930 3238 1055 3296 fore
1104 3239 1166 3294 in
1212 3258 1408 3295 rerum
1455 3246 1685 3307 natura,
1723 3241 1881 3316 quod

131 3351 248 3387 non
278 3332 547 3388 similiter
574 3332 894 3408 pertinebit
938 3336 1012 3392 ad
1051 3335 1308 3410 aliquam
1353 3336 1475 3392 sive
1513 3336 1774 3393 fabulam
1807 3337 1881 3392 de

134 3427 448 3492 veteribus,
478 3446 581 3484 seu
611 3412 1057 3486 similitudinem
1089 3431 1162 3487 de
1193 3430 1670 3506 elegantioribus

218 3522 458 3583 Scilicet
509 3525 737 3584 infinita
781 3527 1030 3603 quadam
1083 3527 1185 3583 sed
1239 3527 1485 3584 obscura
1528 3527 1675 3584 serie
1722 3529 1879 3584 necti
