2288 4036
95 250 250 284 PRAEL.
270 248 434 282 xxvn.
491 226 791 280 Pindarum
816 243 927 278 cum
951 220 1271 295 optimatibus
1294 220 1511 273 sensisse.
1732 222 1835 273 541

95 394 318 433 versam
365 373 658 429 fortunam
709 370 952 427 accedet
992 366 1093 443 qui
1137 383 1274 422 vere
1325 363 1545 440 poterit
1589 363 1703 420 ista
1746 383 1841 420 ea-

93 490 231 529 nere
248 478 303 527 a:

911 541 1129 588 κελεύθοις

328 619 493 665 ἆπλάας
514 618 620 673 ζωᾶς
640 615 924 675 ἐφαπτοίμαν,
947 616 1084 659 θανὼν
1105 615 1161 659 ὡς
1179 614 1307 658 παισὶ
1328 611 1453 658 κλέος

324 693 381 750 μὴ
402 694 452 737 τὸ
474 690 707 749 δύσφαμον
726 689 966 747 προσάψω
998 688 1167 746 χρυσὸν
1189 690 1399 744 εὔχονται,
1418 685 1566 729 πεδίον
1586 684 1622 729 δ’
1645 684 1782 744 ἕτεροι

324 763 573 821 ἀπέραντον·
608 762 693 820 ἐγὼ
715 760 752 804 δ’
774 761 926 807 ἀστοῖς
946 761 1060 804 ἁδὼν
1080 760 1148 803 καὶ
1168 759 1294 817 χθονὶ
1314 761 1413 816 γυῖα
1434 755 1688 815 καλύψαιμ’)

325 835 474 880 αι’νέων
494 834 654 890 αἷνητὰ,
676 834 855 891 μομφὰν
876 830 913 876 δ’
937 832 1199 888 ἐπισπείρων
1219 830 1426 887 ἀλιτροῖς.

179 931 353 999 Quod
384 930 430 986 si
459 929 675 985 nimius
705 928 1006 983 interdum
1036 945 1162 982 esse
1193 925 1462 981 videatur
1495 926 1557 981 in
1601 924 1844 981 laudan-

96 1029 182 1085 dis
212 1027 446 1093 divitiis,
479 1032 542 1082 at
569 1026 655 1081 ita
684 1032 884 1081 tamen
930 1023 1148 1089 laudat,
1179 1030 1248 1079 ut
1277 1041 1469 1097 neque
1506 1022 1700 1098 sperni
1745 1041 1842 1080 eas

94 1143 284 1200 neque
314 1122 570 1180 adamari
601 1121 675 1178 ab
705 1120 806 1177 illo
839 1121 1056 1177 dixeris
1075 1116 1119 1175 b.

327 1224 364 1267 εἶ
385 1223 432 1267 δὲ
452 1224 534 1281 νόῳ
555 1241 619 1267 τις
638 1223 728 1279 ἕχει
751 1222 915 1266 θνατῶν
935 1219 1136 1265 ἀλαθείας
1155 1218 1270 1271 ὅδον,
1293 1218 1377 1276 χρὴ
1398 1219 1508 1276 πρὸς
1526 1219 1727 1277 μακάρων

325 1294 574 1353 τυγχάνοντ’
598 1293 644 1338 εὖ
664 1295 902 1352 πάσχεμεν·
936 1293 1098 1336 ἄλλοτε
1119 1290 1155 1335 δ’
1177 1291 1351 1334 ἇλλοῖαι
1371 1291 1498 1334 πνοαὶ

324 1369 542 1426 ὑψιπετᾶν
562 1366 739 1423 ἀνέμων·
773 1365 908 1419 ὄλβος
929 1364 1003 1408 οὐκ
1026 1365 1070 1410 ἐς
1089 1365 1252 1421 μακρὸν
1272 1363 1437 1421 ἀνδρῶν
1457 1364 1629 1421 ἔρχεται

328 1439 374 1486 ὃς
393 1440 530 1484 πολὺς
551 1438 633 1483 εὖτ’
656 1439 707 1483 ἂν
728 1439 976 1497 ἐπιβρίσαις
997 1436 1160 1493 ἕπηται.

327 1514 509 1570 σμικρὸς
529 1512 573 1556 ἐν
595 1513 807 1569 σμικροῖς,
829 1510 963 1569 μέγας
984 1509 1029 1553 ἐν
1048 1509 1254 1566 μεγάλοις

326 1586 528 1642 ἔσσομαι·
562 1585 636 1628 τὸν
656 1581 896 1642 ἀμφέποντ’
920 1582 1001 1626 αἰεὶ
1022 1582 1192 1640 φρασὶν

327 1656 486 1714 δαίμον’
509 1655 690 1712 ἀσκήσω
713 1655 801 1700 κατ’
824 1656 928 1712 ἐμὰν
950 1652 1195 1711 θεραπεύων
1214 1653 1424 1710 μαχανάν.

326 1730 364 1772 εἷ
386 1730 434 1773 δέ
452 1748 524 1787 μοι
544 1731 735 1773 πλοῦτον
756 1728 853 1774 θεὸς
875 1728 1012 1785 ἁβρὸν
1033 1726 1193 1785 ὀρέξαι,

327 1800 464 1845 ἐλπίδ’
487 1802 573 1859 ἔχω
594 1800 718 1845 κλέος
739 1799 942 1858 εὑρέσθαι
963 1818 1033 1843 κεν
1053 1799 1230 1856 ὑψηλὸν
1250 1798 1421 1855 πρόσω.

95 1892 189 1950 En
218 1892 409 1947 virum
444 1892 722 1966 “optime
758 1896 963 1946 eontra
1006 1889 1304 1945 fortunam
1347 1893 1619 1962 paratum
1643 1886 1687 1943 !''
1732 1888 1843 1953 cui,

95 1996 373 2063 tanquam
421 1994 659 2044 strenuo
689 2005 888 2062 puer0‚
919 1986 1145 2043 animos
1179 1984 1345 2042 addit
1374 1984 1583 2042 festiva
1614 2004 1682 2041 ac
1711 1984 1847 2042 laeta

94 2085 337 2143 indoles·
1107 2139 1109 2141 .

175 2181 216 2239 J
218 2201 314 2239 am
344 2181 662 2248 videamus,
693 2179 931 2256 qualem
962 2199 1023 2238 se
1052 2180 1213 2236 idem
1249 2179 1634 2254 praestaverit,
1667 2179 1714 2235 si
1745 2179 1845 2254 qui

94 2279 154 2336 in
176 2278 476 2355 republica
498 2279 623 2354 ejus
645 2277 953 2335 admonitu
977 2276 1251 2353 egebant.
1313 2274 1598 2342 Primum,
1622 2276 1681 2332 id
1713 2275 1846 2333 luce

96 2374 322 2442 elariuS,
352 2374 635 2448 majorem
674 2373 736 2428 in
779 2372 1024 2428 modum
1054 2371 1264 2428 favisse
1299 2389 1437 2427 eum
1481 2371 1567 2427 illi
1612 2379 1849 2429 senten-

96 2472 208 2539 tiae,
240 2490 373 2545 quae
405 2468 633 2527 mavult
668 2484 959 2526 summam
1002 2487 1199 2524 rerum
1240 2468 1481 2525 arbit-rio
1524 2487 1847 2543 paucorum

97 2567 169 2623 de
209 2566 559 2642 primoribus
600 2565 1010 2630 administrari,
1042 2582 1218 2638 quam
1257 2564 1332 2619 ad
1368 2563 1699 2620 universam
1743 2562 1850 2619 ali-

98 2664 329 2738 quando
380 2663 616 2738 plebem
668 2662 874 2718 redire.
970 2660 1290 2727 Nimirum,
1335 2678 1451 2733 qua
1494 2659 1688 2716 fuerat
1738 2660 1849 2716 im-

96 2760 274 2816 butus
317 2759 611 2816 sententia
653 2776 802 2833 puer
850 2758 1005 2833 apud
1051 2754 1295 2813 Boeotos
1339 2775 1489 2822 SUOS,
1534 2757 1595 2814 in
1639 2758 1848 2814 eadem

98 2856 388 2912 const-anti
421 2856 545 2930 jam
579 2862 760 2912 aet-ate
800 2854 1141 2929 permansit,
1170 2859 1239 2909 ut
1270 2852 1469 2908 decuit
1498 2852 1684 2909 fidum
1729 2872 1848 2910 suae

97 2953 360 3027 pueritiae
410 2959 752 3008 amatorem.
849 2948 1043 3006 Adest
1094 2948 1502 3024 exemplorum
1553 2949 1849 3006 uberrima

98 3048 362 3106 varietas,
443 3046 552 3104 Est
582 3048 685 3104 ubi
716 3046 1105 3123 regendarum
1136 3044 1371 3103 urbium
1396 3052 1515 3102 tres
1539 3045 1700 3120 quasi
1733 3045 1848 3100 for-

98 3145 286 3202 mulas
315 3145 609 3212 enunciat,
631 3164 700 3202 eo
724 3152 930 3201 tenore
959 3143 1291 3210 verborum,
1313 3149 1382 3199 ut
1411 3161 1487 3199 ne
1517 3143 1611 3199 eui
1643 3143 1719 3199 sit
1742 3142 1849 3198 du-

98 3238 278 3308 bium,
307 3247 425 3301 τοῖς
455 3239 933 3318 ἀριστοκρατικοῖς
962 3240 1227 3314 impense
1257 3256 1394 3295 eum
1425 3238 1720 3296 studuisse
1741 3244 1796 3293 c:

350 3339 395 3384 ἐν
414 3340 551 3384 πάντα
572 3340 619 3383 δὲ
641 3341 770 3397 νόμον
790 3337 1103 3397 εὐθύγλωσσος
1122 3338 1227 3397 ἀνὴρ
1245 3337 1477 3397 προφέρει·

349 3411 466 3468 παρὰ
486 3412 714 3469 τυραννίδι,
735 3412 939 3469 χώπόταν
960 3412 984 3453 ὁ
1003 3410 1170 3468 λάβρος
1189 3409 1390 3468 στράτος,

349 3482 505 3540 χ’ώταν
524 3484 654 3527 πόλιν
675 3484 715 3526 οἶ
736 3482 876 3539 σοφοὶ
897 3480 1113 3539 τηρέωντι.

216 3606 241 3630 ⁸
261 3600 383 3644 Nem.
406 3602 448 3644 8.
472 3600 544 3645 60.
784 3601 801 3626 ¹³
824 3602 954 3658 Pyth.
978 3615 1019 3659 3.
1041 3602 1138 3646 182.
1388 3609 1407 3631 ⁰
1429 3600 1540 3644 Ibid.
1567 3615 1606 3643 2.
1631 3612 1728 3658 157.
