2288 4036
219 273 607 307 rumnxxxvm.
654 254 758 305 Cur
782 254 836 304 in
863 252 1054 305 divinis
1080 251 1173 304 loci
1198 251 1365 304 sedulo
1391 252 1722 303 nominemur.
1864 251 1969 304 777

219 400 497 475 Apolline
527 400 848 473 praesertim
877 416 944 454 ac
970 397 1176 464 Diana,
1207 396 1443 453 honoris
1474 395 1662 471 gratia
1689 412 1805 450 non
1839 413 1966 450 raro

219 497 277 550 in
309 495 533 561 similia,
566 513 695 569 quae
726 500 954 560 vocant,
986 493 1185 550 relatis
1205 501 1249 548 ¹¹.

452 608 607 656 Qualis
629 610 674 652 in
696 609 877 652 Eurotae
899 609 1020 666 ripis,
1044 615 1120 652 aut
1142 623 1219 665 per
1235 608 1345 665 juga
1368 606 1534 665 Cynthi

450 681 637 724 Exercet
659 681 805 724 Diana
826 680 1011 732 choros3
1046 695 1181 738 quam
1201 680 1320 723 mille
1341 687 1503 723 secutae

450 751 570 795 Hinc
592 759 722 809 atque
742 752 846 795 hinc
868 753 1172 808 glomerantur
1194 750 1405 795 Oreades.

448 831 471 853 ⁰
488 823 642 871 Qualis
664 824 742 867 ubi
762 823 1009 881 hybernam
1030 823 1225 881 Lyciam,
1249 822 1505 880 Xanthique
1526 822 1691 865 fluenta

448 895 638 946 Deserit,
662 910 711 938 ac
735 895 902 939 Delum
923 902 1169 939 maternam
1189 895 1340 939 invisit
1360 894 1536 951 Apollo,

451 966 761 1024 Instauratque
783 967 968 1019 choros;
1001 967 1215 1024 mixtique
1237 967 1389 1010 altaria
1409 966 1578 1009 circum

449 1037 689 1097 Cretesque
712 1040 1004 1097 Dryopesque
1025 1039 1234 1090 fremunt,
1257 1038 1449 1096 pictique
1471 1037 1739 1095 Agathyrsi3

450 1110 550 1167 Ipse
565 1112 688 1169 jugis
713 1111 879 1170 Cynthi
900 1111 1116 1169 graditur.

299 1211 645 1287 Elegantius
684 1212 875 1269 multo
910 1213 1033 1269 haec
1070 1212 1307 1279 extulit,
1340 1212 1651 1288 aptiusque
1696 1212 1768 1268 ad
1815 1212 1968 1291 ἐναρ-

214 1308 364 1383 γείαν
394 1307 574 1375 illam,
594 1328 770 1383 quam
802 1315 1109 1384 tantopere
1141 1308 1399 1375 laudant,
1424 1309 1785 1375 servandam,
1808 1309 1966 1383 quod

211 1406 448 1462 nomine
491 1405 810 1480 appellavit
847 1405 1084 1473 Delum,
1120 1404 1380 1481 Lyciam,
1414 1404 1746 1471 Xanthum,
1780 1404 1968 1460 Euro-

213 1509 352 1567 tam,
383 1520 499 1577 prae
530 1503 760 1560 caeteris
791 1502 1109 1578 Cynthum‚
1143 1501 1355 1558 collem
1387 1521 1504 1558 non
1537 1501 1653 1558 levi
1684 1500 1967 1577 religione

212 1599 604 1655 observatum.
701 1599 1003 1656 Nimirum
1066 1599 1224 1674 quod
1291 1599 1566 1666 diximus,
1634 1597 1967 1654 historiolae

211 1696 496 1770 ejusmodi
543 1696 826 1771 majorem
873 1696 1064 1752 multo
1111 1716 1234 1771 prae
1279 1715 1340 1752 se
1386 1696 1538 1753 ferre
1582 1702 1822 1770 propter
1864 1714 1968 1751 no-

210 1792 371 1848 mina
416 1792 677 1849 veritatis
723 1793 996 1868 speciem,
1042 1811 1112 1849 ea
1163 1811 1254 1850 res
1301 1794 1361 1848 in
1409 1793 1478 1848 iis
1523 1791 1617 1848 vel
1669 1792 1966 1867 praecipue

211 1888 385 1954 valet,
418 1908 550 1964 quae
581 1890 653 1946 ad
688 1888 951 1946 Deorum
988 1896 1278 1964 portenta,
1312 1890 1621 1963 visumque
1650 1889 1964 1962 pertinent.

214 1985 432 2060 Neque
461 1987 651 2043 verior
687 1986 881 2053 mode,
910 1986 1013 2043 sed
1058 1994 1119 2043 et
1163 1987 1398 2061 propior
1434 1985 1501 2041 fit
1532 1986 1966 2060 quodammodo

211 2082 493 2139 mirabilis
543 2081 643 2139 illa
697 2081 978 2139 Numinis
1031 2081 1372 2147 Praesentia,
1425 2080 1600 2137 simul
1659 2088 1839 2156 atque
1898 2102 1967 2139 ea

211 2183 371 2234 certo
430 2177 625 2252 aliquo
684 2197 752 2234 ac
798 2177 1081 2234 ‘familiari
1140 2178 1463 2253 praesertim
1522 2177 1652 2234 loco
1706 2178 1963 2235 finiatur.

213 2274 386 2343 Quod
434 2275 494 2331 in
537 2275 662 2350 ipsa
706 2294 940 2350 quoque
987 2274 1270 2351 religione
1315 2294 1383 2331 ac
1431 2275 1761 2331 reverentia
1804 2275 1967 2331 fano-

211 2390 358 2437 rum,
397 2372 724 2447 adytorum,
767 2370 1155 2437 oraculorum,
1192 2379 1254 2427 et
1298 2370 1491 2445 siquid
1535 2370 1655 2427 tale
1700 2371 1964 2438 colimus,

215 2467 459 2533 videtur,
518 2473 745 2523 naturae
804 2467 1057 2541 quadam
1115 2466 1267 2543 lege,
1319 2466 1414 2523 vel
1488 2468 1704 2542 primas
1762 2474 1964 2524 tenere

210 2570 422 2638 partes,
500 2561 828 2619 Nominato
847 2562 1123 2618 videlicet
1153 2562 1303 2631 1000,
1326 2563 1593 2636 quamvis
1623 2562 1990 2639 longianO‚.

201 2660 378 2735 juxta
399 2678 575 2734 quem
601 2666 878 2716 evenerat
907 2665 1175 2715 sanctum
1208 2657 1428 2733 aliquid
1453 2678 1520 2715 ac
1543 2659 1961 2735 prodigiosum,

210 2755 596 2832 intelligimus
625 2754 799 2822 ultro,
832 2774 957 2812 esse
987 2755 1284 2830 quoddam
1328 2754 1723 2822 intervallum,
1756 2755 1966 2813 latissi-

211 2870 374 2907 mum
435 2851 594 2916 lieet,
642 2857 705 2908 at
755 2852 1267 2926 circumscriptum
1323 2853 1441 2908 suis
1492 2857 1693 2908 tamen
1746 2852 1963 2926 spatiiS‚

213 2954 489 3022 certaque
517 2965 808 3013 mensura,
830 2966 946 3021 quo
978 2966 1083 3004 nos
1113 2948 1222 3022 ipsi
1248 2947 1599 3004 distinemur
1633 2967 1667 3004 a
1697 2947 1834 3004 sede
1864 2947 1965 3006 illa

215 3042 568 3110 Numinum,
608 3050 787 3118 atque
827 3043 974 3100 adeo
1018 3063 1053 3100 a
1099 3042 1463 3100 Numinibus
1503 3043 1656 3118 ipsis.
1747 3044 1965 3119 Ecquis

213 3142 477 3197 omnium
528 3160 748 3208 eorum,
804 3142 902 3216 qui
956 3141 1152 3198 animo
1203 3148 1435 3198 attento
1487 3141 1702 3217 pioque
1757 3142 1964 3219 legunt

215 3234 424 3294 Libros
454 3235 584 3293 illos
620 3256 755 3294 vere
789 3236 1221 3304 Sacrosanctos,
1252 3256 1371 3293 non
1416 3256 1476 3293 se
1519 3239 1777 3313 graviter
1806 3258 1964 3296 com-

213 3334 434 3389 moveri
480 3334 676 3399 sentit,
708 3333 1023 3389 nominatis
1063 3333 1238 3389 modo
1282 3333 1526 3408 oppidis,
1558 3333 1766 3402 fluviis,
1798 3355 1963 3392 mon-

214 3428 386 3493 tibus,
418 3429 519 3485 ubi
551 3448 611 3485 se
649 3428 821 3486 solito
851 3429 1179 3503 propiorem
1214 3429 1470 3486 ostendit
1503 3427 1714 3487 DEUS?
1787 3431 1964 3488 Max-

446 3603 472 3625 n
494 3596 606 3640 AEn.
635 3610 671 3639 1.
695 3608 797 3652 495.
1376 3606 1397 3628 0
1419 3598 1532 3641 Ibid.
1557 3614 1598 3652 4.
1628 3613 1723 3655 143.
