2288 4036
163 292 316 325 PRAEL.
333 290 462 323 xxx.
607 272 844 341 respicere
866 272 940 323 ad
959 288 1068 322 eam
1092 271 1165 322 M
1154 269 1447 338 ytkoloyioa.
1799 270 1905 322 615

163 421 428 487 tempore
477 411 656 468 fuerit
713 411 1147 486 elegantissima
1195 410 1516 466 formarum
1566 410 1905 483 spectatrix,

163 502 408 564 eandem
452 506 598 562 nihil
639 506 852 562 vidisse
890 505 951 561 in
986 505 1235 562 Naturae
1274 504 1537 562 deliciis'.l
1581 522 1718 560 cum
1756 521 1907 577 prae-

157 603 362 660 ‘sertim
391 603 550 658 idem
580 602 766 658 ferme
806 603 881 658 sit
915 603 977 657 in
1015 608 1267 675 utroque
1296 618 1513 677 genere
1543 599 1673 656 fons
1700 598 1907 673 volup-

160 699 314 755 tatis.
404 697 566 754 Nam
601 704 663 754 et
705 698 938 754 arbores
968 704 1275 771 quassatae,
1307 703 1370 752 et
1404 696 1652 752 nubium
1689 692 1905 768 lapSUS,

160 800 221 849 et
264 812 565 867 aquarum,
607 793 851 849 mirifice
887 793 1320 867 quodammodo
1365 790 1727 848 conveniunt
1769 808 1906 845 cum

157 889 419 964 gestibus
465 889 791 955 hominum,
833 888 1243 944 formosiorum
1295 887 1534 962 quidem
1585 892 1782 952 certe3
1844 893 1906 941 et

160 984 321 1040 verni
361 984 481 1040 sive
517 984 798 1041 caelorum
834 983 956 1040 sive
985 983 1196 1039 florum
1225 983 1450 1040 colores
1492 1002 1609 1058 prae
1653 1000 1716 1039 se
1754 982 1907 1037 ferre

158 1080 431 1136 videntur
483 1079 662 1137 vitale
712 1080 908 1136 nescio
952 1079 1093 1153 quid
1143 1098 1212 1135 ac
1256 1086 1554 1155 vegetum.
1646 1075 1745 1134 Ex
1789 1097 1906 1152 quo

157 1175 560 1252 intelligimUS,
592 1175 855 1250 ejusdem
895 1175 1019 1230 fore
1057 1175 1297 1250 ingenii,
1328 1175 1450 1232 sive
1480 1175 1610 1248 quis
1649 1173 1908 1249 pulchri-

158 1272 426 1327 tudinem
476 1271 813 1338 formarum,
859 1271 981 1327 sive
1031 1269 1309 1326 caelorum
1357 1276 1649 1343 terraeque
1693 1269 1906 1325 faciem

158 1367 308 1423 bene
346 1373 524 1440 atque
565 1367 739 1423 docte
774 1365 1002 1423 calleat.
1092 1365 1290 1432 Quare
1324 1364 1531 1432 nolite,
1561 1383 1772 1438 quaeSO,
1803 1382 1906 1420 ex-

156 1461 431 1528 istimare,
464 1481 598 1535 quae
636 1461 813 1537 regi0,
853 1479 1055 1535 quaeve
1099 1466 1239 1516 aetas
1276 1459 1551 1516 Phidiam
1595 1459 1800 1515 tulerit
1844 1468 1906 1516 et

156 1555 452 1630 Apellem,
482 1557 731 1614 eandem
772 1556 937 1613 nullo
977 1575 1177 1613 amore
1207 1563 1441 1632 captam
1485 1557 1702 1613 intueri
1732 1562 1906 1630 potu-

155 1651 267 1708 isse
296 1671 444 1719 rura,
476 1651 681 1727 sylvaS,
706 1651 968 1709 flumina.

239 1744 415 1812 Quid,
447 1765 565 1820 quo
595 1752 875 1820 tanquam
903 1745 1004 1802 filo
1034 1745 1408 1802 deducuntur
1437 1744 1652 1803 fabulae
1683 1764 1904 1813 omneS,

155 1860 298 1916 quas
327 1848 638 1916 tantopere
667 1848 869 1897 amant
899 1840 1130 1898 Graeci?
1181 1861 1377 1898 nonne
1406 1843 1491 1898 ita
1521 1842 1595 1897 de
1627 1840 1758 1897 Diis
1787 1842 1905 1898 suis

155 1948 217 1995 et
249 1937 546 1994 Heroibus
576 1937 669 1995 vel
709 1938 931 2014 fingere
960 1937 1056 1994 vel
1086 1937 1360 1994 somniari
1396 1937 1604 2002 solent,
1635 1943 1704 1993 ut
1733 1936 1906 1994 facile

155 2053 432 2110 agnoscas
477 2034 745 2111 homines
789 2034 898 2090 sub
945 2033 1041 2089 dio
1080 2034 1263 2089 vitam
1308 2039 1567 2108 agenteS,
1615 2040 1677 2089 et
1720 2033 1907 2090 liben-

154 2136 246 2185 ter
267 2128 545 2203 quidem?
632 2127 831 2196 Quid?
885 2119 1300 2203 Nympharum
1329 2127 1486 2201 apud
1517 2145 1617 2183 eos
1646 2127 1904 2194 familiae,

157 2224 434 2292 Naiades,
469 2225 754 2301 Dryades,
786 2223 1062 2291 Oreades,
1095 2231 1342 2292 caeterae,
1373 2224 1515 2298 quin
1545 2229 1607 2280 et
1639 2222 1741 2279 Dii
1782 2242 1906 2279 om-

152 2340 256 2378 nes
299 2319 560 2396 Deaeque
603 2322 899 2377 minorum
941 2321 1228 2396 gentium,
1273 2338 1470 2375 nonne
1512 2319 1735 2376 habent
1781 2319 1906 2395 ple-

153 2436 400 2492 rumque
443 2417 930 2492 significationem
974 2417 1219 2472 minime
1264 2416 1571 2472 obscuram
1606 2416 1801 2491 gentis
1843 2418 1905 2473 in

155 2512 450 2569 Naturam
484 2511 766 2569 intentae?
854 2512 999 2587 Ejus
1029 2511 1270 2586 quidem
1310 2513 1619 2568 sententiae
1661 2531 1779 2568 non
1824 2512 1907 2568 le-

153 2626 287 2663 vem
344 2608 630 2665 habemus
687 2615 1006 2674 auctorem,
1060 2609 1162 2664 sed
1220 2614 1282 2663 et
1340 2608 1583 2665 doctum
1641 2615 1705 2664 et
1757 2609 1905 2665 ruris

152 2706 425 2779 peritum,
456 2711 518 2761 et
549 2704 819 2771 PoeseOS,
848 2704 959 2760 hac
999 2710 1160 2760 certe
1202 2704 1503 2770 memoria,
1533 2703 1706 2760 facile
1749 2705 1906 2779 prin-

153 2800 362 2874 oipem.
450 2799 550 2856 Sic
601 2800 760 2856 enim
819 2800 1031 2855 statuit
1081 2799 1170 2854 vir
1220 2799 1509 2855 eximius:
1569 2800 1748 2855 modo
1798 2819 1905 2856 nos

152 2902 312 2950 rect-e
341 2895 640 2969 capiamus
670 2895 795 2968 ejus
824 2894 1035 2950 verba:
1087 2901 1119 2924 ‘⁶
1141 2893 1458 2950 Rationem
1490 2913 1727 2950 omnem
1772 2894 1906 2950 reli-

151 2990 339 3064 gionis
369 2989 701 3047 Hellenicae
741 2989 835 3045 vel
880 2989 1171 3064 praecipue
1207 3008 1283 3046 ex
1329 3008 1398 3045 eo
1440 2990 1714 3064 pendere,
1746 2990 1905 3064 quod

152 3083 451 3160 elegantes
490 3092 552 3141 et
587 3086 747 3142 acuti
786 3085 1071 3152 homineS,
1101 3104 1237 3158 quae
1280 3085 1496 3159 passim
1532 3085 1684 3142 foras
1727 3094 1904 3143 nocte

152 3179 364 3254 dieque
407 3181 710 3247 sentirent,
742 3181 1090 3247 veneranda,
1134 3180 1396 3255 pulchra,
1443 3181 1769 3256 splendida,
1800 3182 1903 3240 illa

151 3275 346 3330 omnia
364 3277 698 3331 notaverint
715 3276 879 3350 quasi
899 3276 1064 3351 signa
1081 3276 1462 3350 praesentium
1475 3277 1759 3333 Deorum.
1806 3277 1902 3334 Ex

150 3388 264 3443 quo
295 3369 572 3426 effectum
604 3390 745 3437 esse,
776 3378 844 3426 ut
875 3370 1128 3426 totidem
1159 3370 1421 3428 colerent
1452 3371 1736 3439 Numina,
1757 3380 1903 3446 quot

149 3464 392 3522 haberet
422 3485 617 3522 rerum
655 3466 888 3523 Natura
924 3467 1045 3523 sive
1086 3464 1413 3525 formidinis
1440 3486 1544 3526 seu
1575 3470 1901 3525 venustatis
