2288 4036
372 1279 990 1350 PRAELECTIO
1050 1278 1613 1350 TRICESIMA
1669 1279 2024 1350 PRIMA,

300 1792 422 1843 Quid
439 1793 515 1846 sit,
540 1792 658 1851 qaod
676 1793 775 1837 rari
796 1808 965 1852 qaoque
985 1793 1241 1852 deyentibas
1262 1809 1371 1853 opas
1391 1795 1453 1838 sit
1473 1795 1630 1839 Poesis
1649 1795 1834 1841 rustica.
1896 1796 2100 1841 Philoso-

346 1868 470 1926 pkioe
501 1866 693 1921 eandem,
718 1881 848 1926 quam
869 1867 1077 1921 Poeticae,
1093 1869 1388 1926 partitionem
1409 1868 1526 1922 dari,
1549 1869 1629 1913 sed
1650 1869 1824 1914 inverso
1851 1869 2005 1914 ordine
2033 1871 2100 1916 vi-

352 1942 502 2000 quisse
517 1957 666 1986 earnm
679 1947 854 2000 partes.
898 1943 1033 1987 Usum
1051 1942 1314 2001 Viryilianoe
1327 1944 1516 1988 Poeseos
1531 1944 1704 1989 minime
1720 1945 1903 1998 aboleri,
1912 1951 2104 2004 propter

357 2017 579 2062 diviniora
615 2017 786 2061 coelitus
819 2016 1023 2061 demissa.
1087 2017 1161 2061 De
1187 2017 1455 2076 Empedocle
1482 2018 1700 2072 Lucretii,
1732 2018 1963 2063 Theocrito
1998 2019 2102 2064 Vir-

351 2090 456 2148 yilii
477 2090 778 2148 antesiynano.
843 2090 997 2135 Multa
1025 2105 1131 2144 esse,
1157 2106 1252 2149 quae
1278 2091 1508 2135 Theocrito
1533 2091 1747 2150 primarii
1769 2097 1930 2150 partes
1955 2091 2102 2137 vindi-

357 2180 460 2210 care
478 2164 713 2210 videantur
727 2186 740 2209 .·
765 2165 905 2223 plara
927 2170 1085 2218 tamen,
1110 2180 1205 2224 quoe
1227 2164 1453 2223 deneyare.

429 2324 575 2395 ΠΜ
617 2335 922 2412 permulta
966 2341 1124 2403 sunt,
1157 2332 1533 2403 Academici,
1565 2354 1704 2411 quae
1750 2334 1814 2392 in
1845 2333 2100 2394 Annali-

471 2435 603 2505 bus,
648 2442 721 2493 ut
769 2436 857 2493 ita
904 2435 1120 2503 dicam,
1167 2432 1428 2492 Poeseos
1481 2432 1750 2514 πρόνοιαν
1798 2435 2098 2510 quandam

296 2535 531 2612 sapiant
582 2534 904 2612 plusquam
956 2533 1297 2603 mortalem,
1347 2540 1482 2591 tum
1535 2534 1866 2610 praesertim
1914 2534 2102 2592 serior

296 2635 416 2704 illa,
443 2637 546 2694 sed
577 2635 844 2694 maxime
876 2642 1081 2693 tamen
1112 2634 1478 2711 tempestiva
1501 2634 1629 2718 ejus
1653 2634 1821 2710 quasi
1851 2632 2100 2692 familiae

300 2735 488 2813 origO,
519 2755 651 2812 quae
682 2753 983 2794 summam
1020 2753 1262 2811 operam
1305 2734 1447 2810 poni
1479 2733 1674 2791 voluit
1718 2733 1781 2790 in
1825 2753 1962 2791 rure
2006 2752 2098 2790 re-

298 2834 532 2911 busque
570 2834 962 2893 naturalibus.
1053 2833 1216 2891 Nam
1248 2840 1317 2891 ut
1354 2833 1562 2910 paucis
1593 2852 1934 2910 percurram
1966 2853 2099 2910 quae

298 2932 595 2992 hactenus
654 2940 795 2991 sunt
855 2932 1054 2991 dieta:
1127 2932 1451 2991 statuimus
1506 2933 1701 3010 primo
1760 2939 1895 2990 tum
1956 2932 2099 2990 arti-

296 3032 441 3091 fices
471 3040 606 3090 tum
639 3033 825 3090 etiam
855 3032 1120 3090 fautores
1153 3030 1413 3090 Poeseos
1450 3031 1673 3109 duplici
1715 3031 2096 3108 potissimum

297 3131 655 3190 discriminis
702 3138 849 3190 nota
900 3132 1060 3189 inter
1111 3150 1176 3190 se
1227 3131 1517 3209 distingui
1568 3150 1760 3208 posse.
1853 3129 2098 3206 Nempe

297 3230 396 3290 vel
440 3230 695 3288 mobiles
740 3230 1051 3289 habendos
1082 3250 1211 3290 esse
1243 3230 1340 3289 vel
1372 3230 1643 3308 quietos3
1691 3230 1788 3288 vel
1824 3230 1887 3287 in
1923 3229 2098 3288 factis

297 3330 676 3407 fortunisque
704 3329 1039 3399 hominum,
1065 3329 1162 3388 vel
1192 3330 1254 3388 in
1285 3350 1423 3389 rure
1455 3330 1675 3389 versari
1707 3336 1772 3388 et
1802 3331 1864 3387 in
1893 3348 2095 3387 rerum

299 3439 530 3489 natura.
620 3427 718 3487 Ex
750 3449 869 3506 quo
900 3429 1072 3498 effici,
1105 3436 1176 3487 ut
1206 3431 1269 3487 in
1305 3430 1660 3488 alterutram
1701 3436 1935 3507 partem
1967 3448 2098 3486 ver-

297 3536 403 3608 gat
435 3529 701 3607 quisquis
739 3527 1008 3588 Poeticae
1050 3529 1154 3587 dat
1199 3549 1460 3607 operam,
1502 3536 1683 3606 prout
1728 3530 1945 3606 cuique
1989 3534 2097 3586 aut

296 3627 548 3687 alacrior
577 3634 683 3686 aut
713 3626 1091 3704 tranquillior
1129 3627 1273 3687 insit
1314 3627 1563 3686 indoles.
1656 3627 1911 3695 Deinde,
1944 3626 2096 3684 serie
