2288 4036
250 172 357 225 752
419 170 584 223 Verba
612 170 675 223 ab
701 171 987 224 hominibus
1013 172 1070 224 in
1084 172 1312 242 pecudes
1338 173 1612 226 translata.
1667 193 1828 228 PRAEL.
1844 195 2054 228 xxxvn.

340 316 501 374 Illud
553 337 727 393 porro
774 319 836 375 in
882 318 997 376 hoc
1043 339 1266 396 genere
1313 321 1407 378 vel
1455 323 1826 400 praecipuum
1870 324 2056 384 habet

250 413 560 491 Virgilius,
594 415 753 489 quod
793 415 878 472 ita
920 415 1133 491 saepius
1170 416 1386 475 festive
1431 420 1558 497 agit
1601 440 1738 478 cum
1785 423 2058 481 animali-

248 512 361 570 bus
408 512 545 579 suis,
587 520 656 568 ut
701 512 894 590 magis
941 520 1145 571 tamen
1191 515 1439 574 irrideat
1484 537 1592 575 nos
1638 518 2053 590 homuncuIOS,

248 631 508 687 quorum
556 610 917 688 plerumque
962 631 1159 671 mores
1205 622 1268 672 et
1314 616 1597 693 exempla
1645 618 2057 678 similitudinis

246 712 442 788 gratia
492 710 758 768 adhibet.
853 709 1182 770 Attendite
1235 713 1310 771 ad
1361 734 1495 773 eam
1554 716 1749 793 operis
1803 724 2056 794 partem,

248 811 353 868 ubi
387 818 418 842 ‘⁶
439 810 627 868 fortes
658 811 731 868 ad
769 817 966 869 aratra
998 812 1328 888 juvencos”
1358 813 1640 873 instituit.
1729 815 1956 875 Nonne
1987 838 2059 876 ea

247 909 526 968 consulto
560 910 744 968 verba
775 911 964 987 ponit,
999 931 1130 987 quae
1161 913 1402 989 proprie
1427 895 1778 989 ‘pertineant
1809 916 1885 974 ad
1916 917 2059 975 ado-

247 1008 608 1067 lescentium
639 1008 1018 1086 disciplinam
1040 1009 1100 1067 t?

488 1126 561 1171 Tu
584 1141 698 1186 quos
723 1126 778 1171 ad
802 1126 995 1170 studium
1016 1134 1151 1186 atque
1173 1143 1312 1172 usum
1333 1128 1552 1174 formabis
1574 1136 1814 1189 agrestem,

488 1200 518 1245 J
522 1217 597 1245 am
618 1201 787 1246 vitulos
811 1202 1005 1254 hortare,
1028 1201 1241 1262 viamque
1262 1202 1422 1248 insiste
1444 1202 1676 1257 domandi,

490 1275 618 1320 Dum
642 1275 794 1320 faciles
818 1276 957 1320 animi
967 1276 1192 1333 juvenum,
1218 1276 1330 1321 dum
1352 1277 1534 1322 mobilis
1556 1284 1680 1322 aetas.

249 1373 489 1432 Deinde
536 1382 672 1452 post
718 1375 924 1453 paullo
962 1373 1175 1454 pubem
1220 1383 1395 1434 vocat
1442 1374 1832 1435 indomitam:
1877 1377 2058 1454 jubet

245 1474 548 1531 “servitio
596 1473 784 1533 libera
823 1475 980 1532 inuri
1026 1474 1234 1533 colla.'’
1310 1475 1530 1554 Tangit
1558 1475 1651 1534 his
1681 1478 1869 1535 tacite
1900 1496 2060 1534 arro-

243 1579 459 1651 gantes
505 1583 925 1651 protervorum
976 1575 1294 1632 hominum
1341 1593 1680 1633 sermones:
1737 1575 2055 1653 significat,

244 1671 329 1729 nil
375 1674 527 1731 adeo
575 1674 880 1732 laudabile
929 1680 991 1731 et
1037 1693 1323 1751 magnum
1374 1674 1520 1742 fieri,
1567 1674 1730 1750 quod
1781 1674 1946 1753 leges
1995 1684 2058 1733 et

243 1772 566 1850 imperium
599 1782 897 1843 recusent,
933 1794 1074 1832 cum
1108 1774 1270 1832 idem
1305 1775 1529 1832 faciant
1561 1793 1879 1833 vaccarum
1911 1793 2059 1851 quo-

244 1892 362 1948 que
393 1873 518 1931 filii.

332 1973 508 2043 Quod
565 1974 749 2050 siquis
803 1994 865 2031 se
919 1973 1156 2050 plenius
1212 1973 1506 2050 ejusmodi
1562 1972 1697 2031 lusu
1754 1972 2056 2031 delectare

245 2072 411 2141 velit,
445 2073 624 2131 adeat
667 2092 884 2131 censeo
932 2072 1368 2150 lepidissimum
1418 2072 1494 2129 de
1539 2071 1751 2148 apibus
1797 2091 2054 2141 carmen,

245 2192 364 2248 quo
403 2171 842 2251 Georgicorum
894 2173 1076 2230 series
1123 2171 1442 2230 clauditur.
1537 2170 1731 2240 Nihil,
1774 2191 1850 2229 ne
1895 2172 2054 2249 apud

246 2271 576 2351 Virgilium
623 2273 890 2349 quidem,
934 2279 1060 2330 tam
1107 2272 1349 2349 penitus
1383 2269 1810 2349 Virgilianum.
1896 2270 2054 2328 Con·

244 2378 365 2430 stat
410 2378 616 2429 autem
649 2372 739 2429 vis
782 2371 910 2448 ejus
950 2378 1013 2429 et
1059 2371 1230 2439 rati0,
1273 2388 1557 2448 magnam
1604 2377 1861 2446 partem,
1892 2388 2057 2428 com-

243 2472 555 2548 paratione
610 2472 890 2548 quadam,
940 2490 1059 2547 qua
1116 2471 1277 2528 inter
1337 2488 1400 2527 se
1461 2468 1856 2527 conferuntur
1915 2469 2054 2527 hinc

245 2570 660 2629 Romanorum
710 2570 876 2628 illinc
923 2589 1106 2647 apum
1159 2569 1527 2647 magnanimi
1575 2569 1777 2640 duceS,
1830 2568 2052 2647 populi,

243 2671 463 2747 praelia.
577 2668 742 2727 Hinc
803 2668 1258 2727 bellicosissima
1318 2668 1437 2737 illa,
1500 2669 1822 2744 sonituque
1880 2686 2055 2746 gran-

244 2769 489 2828 dissimo
510 2778 557 2827 ¹¹.

488 2873 572 2918 Sin
593 2880 746 2918 autem
768 2873 824 2918 ad
847 2889 1053 2932 pugnam
1074 2873 1264 2918 exierint
1288 2872 1415 2929 (nam
1439 2886 1558 2929 saepe
1581 2869 1763 2915 duobus

488 2947 691 3008 Regibus
713 2947 899 2992 incessit
921 2962 1091 3006 magno
1114 2947 1341 2992 discordia
1362 2945 1511 3000 motu)

489 3021 812 3082 Continuoque
834 3022 1011 3066 animos
1034 3022 1177 3081 vulgi,
1201 3029 1245 3065 et
1266 3019 1538 3079 trepidantia
1558 3018 1679 3064 bello

489 3094 642 3140 Corda
661 3095 765 3140 licet
785 3096 922 3153 longe
943 3094 1243 3153 praesciscere,
1267 3108 1464 3153 namque
1485 3098 1714 3137 morantes

488 3169 685 3214 Martius
707 3169 795 3215 illae
818 3170 920 3214 aeris
943 3169 1067 3214 rauci
1089 3184 1228 3214 canor
1249 3169 1467 3227 increpat,
1490 3174 1534 3212 et
1556 3182 1646 3212 vox

487 3242 689 3288 Auditur
710 3243 877 3288 fractos
901 3243 1080 3288 sonitus
1102 3243 1276 3287 imitata
1298 3242 1530 3287 tubarum.

492 3351 500 3360 .
521 3351 530 3361 .
553 3351 562 3360 .
582 3316 728 3360 .Tum
752 3316 870 3361 circa
891 3332 1046 3375 regem
1068 3323 1204 3376 atque
1225 3316 1323 3374 ipsa
1345 3315 1401 3360 ad
1423 3313 1634 3373 praetoria
1657 3312 1811 3356 densae

490 3390 760 3443 Miscentur,
783 3393 1053 3450 magnisque
1074 3398 1240 3436 vocant
1262 3388 1536 3434 clamoribus
1559 3388 1752 3433 hostem.

366 3520 383 3550 t
411 3520 569 3575 θεον-9.
593 3533 636 3576 3.
666 3519 764 3576 163.
1475 3526 1498 3548 ¹¹
1523 3517 1637 3562 Ibid,
1662 3532 1705 3571 4.
1730 3514 1807 3575 67.

2188 2414 2195 2419 .

2235 2680 2242 2687 ‘
2233 2635 2258 2645 ὲ
2230 2593 2251 2627 r„
2228 2280 2264 2587 -xifffsstss'ffeswma,
2235 2224 2264 2274 nez-‚2
2231 2112 2265 2218 ,vs-*151³*
2231 2094 2255 2106 ³³
2235 1962 2266 2087 *ramiriz
