2288 4036
313 255 425 318 550
714 255 797 306 De
822 253 1108 306 reverentia
1138 251 1439 305 Graecorum
1465 258 1643 303 vatum
1665 272 1680 303 .·
1762 269 1925 303 PRAEL.
1947 270 2122 304 xxvn.

405 399 585 469 Quod
632 399 681 458 si
733 399 831 457 cui
877 417 1166 476 magnum
1223 403 1287 456 et
1336 398 1437 455 vix
1488 395 1777 455 credibile
1829 397 2124 465 videatur,

318 499 503 558 fuisse
539 505 774 557 tantam
817 517 889 555 eo
933 503 1208 573 tempore
1248 495 1569 554 Musarum
1605 496 2025 563 reverentiam,
2057 502 2128 554 ut

317 596 595 655 homines
640 602 825 653 aetate
872 595 1129 672 procaci,
1179 595 1346 672 regia
1396 600 1721 671 potestate,
1770 593 1948 652 facile
1994 613 2129 671 per-

318 695 549 753 ferrent
591 693 880 770 simplicis
919 692 1128 750 Poetae
1169 693 1295 751 sive
1325 693 1732 770 querimonias
1777 711 1883 751 seu
1914 711 2128 751 vocem

321 794 491 872 quasi
537 793 910 863 censoriam;
961 792 1407 850 animadvertat
1450 793 1500 850 is
1538 791 1739 861 velim,
1770 791 1986 868 primo,
2017 790 2131 848 im-

319 893 501 952 butos
532 911 663 951 esse
706 890 919 950 multis
952 892 1084 968 jam
1128 892 1300 949 annis
1333 910 1404 949 ea
1438 891 1778 949 reverentia
1808 889 2128 948 Graiorum

321 993 572 1051 animos
664 991 816 1061 Quis
847 992 1041 1049 nescit
1078 989 1475 1049 Homericum
1507 990 1682 1048 illum
1713 986 1919 1058 ἀοιδὸν,
1947 1008 2130 1066 quem

321 1092 487 1151 domi
518 1091 680 1169 apud
711 1110 967 1149 uxorem
999 1109 1167 1149 suam
1202 1089 1513 1166 reliquisse
1546 1089 1769 1148 dicitur
1798 1086 2132 1167 Agamem-

318 1209 443 1249 non
469 1209 610 1248 cum
641 1188 882 1266 Trojam
913 1188 1032 1247 iret
1050 1187 1117 1248 r?

622 1320 648 1380 ἢ
672 1322 710 1366 δ’
732 1323 828 1379 ἤτοι
849 1322 900 1366 τὸ
921 1321 1027 1380 πρὶν
1046 1321 1127 1380 μὲν
1147 1321 1344 1367 ἀναίνετο
1365 1322 1498 1381 ἔργον
1518 1320 1658 1367 ἀεικὲς

624 1397 697 1442 δῖα
719 1394 1106 1456 Κλυταιμνήστρη·
1140 1396 1282 1455 φρεσὶ
1303 1396 1389 1456 γὰρ
1412 1395 1586 1455 κέχρητ’
1609 1394 1844 1456 ἀγαθῇσιν·

625 1472 716 1530 πὰρ
739 1470 776 1515 δ’
801 1469 867 1531 ἄρ’
893 1470 966 1529 ε’ὴν
987 1471 1057 1515 καὶ
1077 1470 1228 1517 ἀοιδὸς
1247 1469 1371 1529 ἀνὴρ,
1396 1467 1432 1530 ᾦ
1451 1469 1586 1516 πολλ’
1610 1470 1847 1516 ἐπέτελλεν

621 1544 866 1605 Ἀτρείδης,
887 1545 1097 1605 Τροιήνδε
1119 1544 1235 1598 κίων,
1260 1543 1462 1604 εἴρυσθαι
1484 1544 1663 1589 ἄκοιτιν.

625 1618 728 1664 ἄλλ’
751 1617 826 1663 ὅτε
847 1617 900 1677 δή
921 1638 996 1677 μιν
1018 1622 1167 1678 Μοῖρα
1189 1619 1301 1664 θεῶν
1323 1619 1515 1677 ἐπέδησε
1537 1619 1738 1677 δαμῆναι,

622 1693 676 1751 δὴ
698 1695 798 1739 τότε
819 1694 897 1738 τὸν
916 1693 998 1751 μὲν
1017 1691 1170 1738 ἀοιδὸν
1190 1693 1309 1753 ἅγων
1330 1693 1375 1739 ἐς
1396 1695 1534 1751 νῆσον
1555 1691 1734 1752 ἐρήμην,

625 1768 842 1813 κάλλιπεν
863 1767 1088 1813 οἷωνοῖσιν
1111 1766 1231 1827 ἕλωρ
1253 1768 1323 1812 καὶ
1346 1766 1488 1827 κύρμα
1508 1767 1734 1827 γενέσθαι·

624 1840 704 1899 τήν
725 1842 765 1887 δ’
788 1841 961 1887 ἐθέλων
983 1840 1235 1887 ἐθέλουσαν
1256 1840 1474 1902 ἀνήγαγεν
1495 1840 1596 1887 ὅνδε
1618 1841 1821 1900 δόμονδε.

322 1956 569 2035 Nempe
628 1975 851 2035 magna
913 1975 1049 2033 pars
1109 1963 1239 2014 erat
1300 1955 1565 2013 criminis
1625 1954 1909 2033 AEgisthi‚
1968 1954 2131 2031 quod

320 2077 444 2116 non
490 2057 619 2115 sine
663 2055 1036 2114 contumelia
1081 2061 1529 2114 sacrosanctum
1574 2053 1749 2112 illum
1788 2054 1987 2112 virum
2027 2073 2133 2112 ex-

320 2155 578 2235 pulerat.

402 2252 666 2319 Ἀοιδοὺς
696 2261 902 2314 autem
934 2255 1010 2312 ad
1041 2273 1232 2331 usque
1265 2253 1512 2312 Pindari
1545 2259 1797 2312 aetatem
1816 2253 1958 2331 jure
1985 2273 2133 2331 quo-

320 2355 462 2413 dam
515 2373 623 2412 8110
677 2354 1077 2431 permansisse
1124 2353 1439 2428 'immunes
1493 2352 1854 2427 liberosque,
1908 2352 2006 2410 vel
2058 2372 2131 2412 eo

320 2452 447 2510 veri
507 2452 749 2511 videtur
807 2451 1078 2521 similius,
1140 2451 1303 2529 quod
1363 2452 1659 2528 ejusmodi
1720 2451 2133 2529 fungebantur

319 2559 468 2623 arte,
516 2572 648 2629 quae
709 2571 949 2630 semper
998 2552 1062 2609 in
1115 2551 1346 2610 deliciis
1406 2558 1536 2610 erat
1587 2551 1868 2610 universo
1921 2552 2130 2630 generi

319 2653 698 2731 gymnastico
731 2660 795 2710 et
825 2651 1095 2710 militari.
1189 2651 1408 2721 Quare,
1443 2652 1491 2710 si
1523 2670 1675 2728 quos
1721 2651 1878 2710 forte
1919 2657 2131 2728 poetas

320 2754 529 2811 feriret
574 2753 662 2811 ira
706 2752 805 2810 vel
852 2752 1140 2830 principis
1184 2750 1282 2809 vel
1329 2752 1734 2828 optimatium,
1780 2751 1981 2809 nimiae
2027 2771 2133 2809 au-

320 2853 511 2911 daciae
554 2872 717 2931 ergO,
750 2853 1023 2930 praesidio
1060 2852 1155 2910 his
1202 2857 1332 2910 erat
1378 2851 1620 2910 futurus
1665 2851 1969 2929 popularis
2000 2851 2133 2928 qui-

319 2951 460 3008 dam
506 2950 708 3008 favor:
764 2957 1081 3008 senserunt
1134 2949 1428 3019 homineS,
1476 2957 1650 3008 tanto
1696 2950 1787 3009 sui
1832 2949 2130 3027 praeconio

321 3069 386 3108 se
415 3049 668 3107 minime
700 3068 904 3107 carere
935 3069 1129 3127 posse.

406 3148 595 3207 Porro
626 3156 851 3225 praeter
879 3148 1013 3208 illas
1045 3168 1193 3226 quas
1238 3149 1420 3207 modo
1464 3148 1788 3208 laudabam
1825 3148 2128 3227 ambageS,

320 3267 469 3326 quas
505 3247 865 3326 plerumque
896 3249 959 3306 in
988 3268 1054 3307 re
1088 3248 1411 3327 deligenda
1449 3248 1561 3307 sibi
1594 3248 1950 3325 quaerebant
1990 3268 2130 3326 pru-

320 3347 658 3406 dentissimi
712 3356 898 3417 vateS,
952 3368 1030 3406 ne
1083 3348 1220 3407 luce
1271 3350 1459 3407 nimia
1510 3348 1861 3407 molestiora
1912 3349 2129 3407 fierent

318 3445 552 3504 monita
593 3446 738 3504 satis
767 3465 878 3523 per
907 3466 970 3504 se
1000 3446 1295 3517 molesta;
1341 3447 1494 3505 illud
1527 3467 1769 3524 quoque
1812 3467 1935 3505 non
1981 3446 2130 3504 levi-

320 3552 417 3606 ter
473 3545 762 3623 pepercit,
814 3548 1040 3624 opinor,
1095 3547 1310 3623 pudori
1370 3547 1706 3617 hominum,
1754 3548 1916 3625 quod
1977 3543 2126 3604 nihil

1060 3726 1078 3749 r
1106 3719 1188 3763 od.
1214 3734 1255 3778 3.
1283 3719 1386 3778 265.

2239 3817 2281 4036 μῂοῖξιέάῆιῦὠ.
2263 3727 2265 3729 ,
2256 3635 2267 3699 ,ι«,.
2256 3588 2266 3607 ,<
2263 3555 2266 3561 .
2260 3491 2263 3493 v

2265 3956 2288 4025 ···‹”'“·
2269 3708 2283 3933 une-a<
2276 3650 2280 3665 f.
2275 3608 2281 3634 „-
2274 3571 2288 3583 ἶ.
2279 3531 2282 3546 ,,
2275 3494 2280 3498 .
