2288 4036
198 311 354 343 PRAEL.
378 309 537 341 XXXV.
608 289 790 339 Etiam
817 288 1053 338 Lucretio
1077 305 1187 337 suos
1213 287 1397 337 Manes
1420 284 1601 336 adesse.
1847 286 1952 338 707

199 454 330 491 eum
358 434 427 489 iis
452 450 579 505 quae
601 430 897 504 promittit
925 427 1059 485 Vox
1087 446 1222 483 vere
1248 426 1461 492 divina,
1486 426 1530 481 si
1553 425 1682 498 quis
1713 432 1950 480 strenue

198 532 480 604 pietatem
512 526 668 583 colat
688 537 731 580 Ζ.

433 645 569 694 Quod
593 644 670 687 Sol
690 650 820 701 atque
844 643 1015 686 Imbres
1039 642 1231 693 dederat,
1255 641 1376 700 quod
1394 641 1531 684 Terra
1552 647 1717 684 crearat

434 717 600 774 Sponte
623 730 716 766 sua,
741 715 845 758 satis
867 714 912 757 id
935 713 1134 770 placabat
1155 721 1333 770 pectora
1352 713 1522 755 donum
1535 731 1548 765 3

434 788 711 832 Glandiferas
732 787 847 830 inter
869 786 1083 829 curabant
1104 800 1289 841 corpora
1310 798 1499 842 quercus

433 860 725 916 Plerumque:
759 865 801 901 et
824 871 922 914 quae
944 871 1064 899 nunc
1086 856 1273 899 hiberno
1294 863 1491 911 tempore
1514 855 1656 898 cernis

432 931 607 974 Arbuta
628 930 833 973 Poeniceo
856 928 948 971 fieri
969 936 1142 971 matura
1164 928 1322 978 colore,

434 1003 630 1046 Plurima
649 1010 757 1045 tunc
777 1001 927 1044 Tellus
950 1001 1081 1043 etiam
1102 1000 1267 1057 majora
1287 999 1453 1043 ferebat
1470 1016 1479 1042 :

435 1075 667 1131 Multaque
688 1080 897 1130 praeterea
918 1072 1091 1115 novitas
1113 1079 1212 1115 tum
1233 1071 1389 1114 florida
1408 1069 1568 1113 mundi

436 1146 603 1189 Pabula
626 1144 697 1188 dia
716 1145 831 1195 tulit,
854 1144 1025 1187 miseris
1047 1143 1309 1186 mortalibus
1332 1144 1491 1199 ampla.

285 1261 384 1317 Ad
417 1259 856 1334 Philosophiam
890 1277 1026 1314 vero
1059 1259 1215 1331 quod
1257 1258 1493 1324 attinet,
1525 1256 1817 1313 sufficiant
1854 1257 1956 1314 illa

202 1358 379 1413 toties
408 1356 660 1431 repetita
677 1362 701 1388 ¹¹
724 1374 735 1410 :

555 1477 630 1520 Nil
654 1476 827 1520 dulcius
850 1483 930 1527 est,
953 1475 1064 1518 bene
1087 1489 1221 1532 quam
1242 1474 1416 1517 munita
1436 1481 1584 1517 tenere

439 1548 571 1591 Edita
589 1547 790 1591 doctrina
813 1546 1072 1602 Sapientum
1095 1546 1260 1601 templa
1282 1559 1449 1595 serena,

441 1620 676 1676 Despicere
697 1618 817 1662 unde
838 1632 972 1675 queas
994 1617 1118 1668 alios,
1141 1617 1394 1673 passimque
1415 1615 1563 1659 videre

439 1691 611 1742 Errare,
635 1698 764 1748 atque
785 1690 902 1733 viam
924 1689 1119 1745 palantes
1143 1702 1338 1745 quaerere
1358 1687 1474 1731 vitae.

206 1793 575 1861 Quantulum
623 1812 698 1848 eX
745 1792 835 1848 his
885 1792 995 1847 erit
1045 1790 1413 1855 mutandum,
1460 1795 1528 1844 ut
1577 1789 1650 1843 ad
1699 1795 1958 1843 nostram

205 1889 467 1964 regulam
500 1889 784 1963 dirigatur
813 1887 1124 1953 sententia,
1156 1886 1330 1941 unice
1373 1884 1533 1940 illam
1570 1902 1767 1939 veram
1799 1901 1964 1939 sanc-

206 1984 478 2058 tamque!

292 2080 488 2138 Venio
519 2080 771 2152 denique
810 2080 882 2135 ad
928 2077 1093 2144 illud,
1126 2077 1282 2152 quod
1321 2077 1466 2132 mihi
1510 2094 1741 2150 semper
1771 2076 1961 2130 visum

206 2183 297 2232 est
339 2170 644 2250 permagni
692 2174 751 2228 in
803 2173 954 2229 hane
1006 2180 1235 2247 partem
1284 2171 1590 2228 momenti.
1680 2170 1966 2238 Quamvis

209 2273 365 2326 enim
412 2269 763 2345 disputando
809 2275 988 2344 neget
1032 2268 1359 2334 Lucretius,
1397 2275 1588 2323 morte
1632 2267 1794 2323 obita
1837 2286 1967 2341 per-

209 2385 447 2423 manere
494 2366 806 2440 quicquam
860 2365 1202 2426 humanum,
1245 2363 1426 2419 habet
1478 2370 1678 2419 tamen
1730 2370 1792 2418 et
1842 2363 1967 2437 ipse

210 2463 644 2537 quodammodo
699 2459 964 2516 Heroum
1025 2479 1262 2516 suorum
1316 2458 1579 2523 concilia,
1635 2457 1968 2532 Manesque

210 2565 597 2624 mortuorum,
629 2575 879 2630 quorum
924 2556 1277 2631 imaginibus
1309 2564 1370 2611 et
1400 2551 1708 2628 colloquiis
1740 2554 1834 2610 vel
1866 2574 1971 2628 per

212 2653 438 2710 somnia
476 2652 806 2707 mirandum
852 2652 912 2707 in
955 2651 1198 2707 modum
1232 2650 1512 2707 delectari
1543 2669 1605 2706 se
1636 2669 1753 2706 non
1786 2650 1970 2706 semel

213 2750 520 2824 significat.
610 2746 1007 2803 Consideretis
1037 2747 1215 2801 modo
1248 2745 1444 2812 velim,
1479 2764 1594 2819 qua
1626 2765 1799 2820 poena
1843 2764 1973 2801 san-

214 2846 346 2911 ciat,
378 2844 583 2917 nequis
611 2843 771 2898 Deos
803 2849 974 2917 putet
1005 2843 1179 2898 anxie
1212 2841 1485 2897 mortalia
1514 2860 1719 2898 curare
1740 2838 1784 2895 b.

451 2961 565 3008 Quae
587 2960 673 3003 nisi
694 2960 864 3016 respuis
887 2974 939 3002 ex
962 2959 1124 3010 animo,
1145 2960 1365 3017 longeque
1386 2959 1589 3010 remittis,

450 3033 534 3077 Dis
555 3031 740 3088 indigna
760 3031 976 3089 putando,
1000 3031 1227 3089 alienaque
1248 3031 1367 3087 pacis
1389 3045 1558 3082 eorum,

453 3103 657 3147 Delibata
678 3103 759 3146 tibi
779 3118 856 3160 per
878 3110 921 3146 te
941 3102 1022 3146 tibi
1043 3102 1229 3146 numina
1250 3109 1402 3146 sancta

453 3175 579 3231 Saepe
600 3174 815 3226 aderunt;
848 3188 940 3218 non
961 3173 1082 3231 quod
1103 3173 1257 3217 violari
1277 3188 1454 3218 summa
1481 3176 1632 3219 Deum
1653 3176 1719 3219 vis

454 3246 614 3297 Possit,
636 3252 687 3288 ut
707 3260 760 3288 ex
781 3245 846 3288 ira
866 3260 1021 3301 poenas
1042 3251 1188 3301 petere
1208 3245 1395 3289 imbibat
1415 3260 1535 3290 acres
1553 3265 1565 3298 3

456 3317 545 3361 Sed
566 3317 670 3375 quia
688 3324 783 3360 tute
803 3317 884 3360 tibi
906 3316 1080 3374 placida
1100 3331 1203 3360 cum
1225 3332 1332 3374 pace
1352 3318 1526 3375 quietos

457 3389 714 3432 Constitues
736 3403 923 3445 magnos
945 3388 1110 3432 irarum
1130 3390 1306 3432 volvere
1325 3389 1517 3442 fluctus;

458 3460 554 3503 Nec
576 3459 760 3504 delubra
783 3459 930 3502 Deum
952 3458 1125 3515 placido
1147 3474 1249 3503 cum
1271 3467 1446 3517 pectore
1468 3461 1624 3512 adibis,

343 3601 362 3623 z
400 3593 529 3637 Lucr.
555 3604 597 3648 5.
621 3606 721 3650 935.
1096 3599 1119 3623 ²²
1141 3607 1181 3636 2.
1206 3593 1247 3636 6.
1620 3593 1642 3624 b
1665 3593 1705 3637 6.
1731 3594 1801 3651 67.

1019 3684 1053 3722 Ζ
1084 3686 1116 3723 z
1148 3673 1183 3723 2
