2288 4036
327 1141 921 1254 PRAELECTiO
973 1186 1526 1253 TRIGESIMA
1579 1183 1875 1253 NONA.

231 1653 449 1702 Quoeritur
469 1670 525 1699 an
547 1671 638 1699 cum
654 1654 851 1714 Epicuro
877 1657 1059 1700 senserit
1082 1657 1306 1713 Virqz'lius.
1370 1655 1634 1714 Infirmiores
1655 1671 1744 1700 esse
1765 1659 1855 1714 ejus
1877 1672 1977 1701 con-

274 1727 458 1781 jecturoe
477 1728 683 1771 rationes.
751 1728 928 1779 Contra,
952 1729 1227 1771 Platonicum
1257 1743 1348 1771 eum
1379 1729 1612 1780 declarari,
1636 1734 1724 1771 tum
1750 1728 1865 1786 quod
1882 1729 1978 1771 ubi-

283 1813 362 1854 que
392 1800 616 1851 memoriae,
641 1815 726 1843 non
752 1801 858 1857 spei,
880 1801 1103 1857 indulyeat
1114 1819 1134 1849 ,·
1169 1806 1257 1844 tum
1285 1801 1400 1858 quod
1420 1802 1610 1845 Numina
1639 1802 1786 1845 adesse
1813 1815 1978 1857 semper

281 1873 506 1929 siqnificet,
543 1874 806 1926 animalium,
842 1875 966 1917 immo
1004 1875 1138 1918 totius
1169 1875 1353 1918 Naturae
1390 1890 1594 1919 consensu
1610 1895 1630 1925 ;
1675 1882 1763 1919 tum
1797 1876 1978 1933 denique·

272 1951 457 2001 propter
477 1944 704 2002 εἰρωνείαν,
723 1952 764 1989 et
783 1961 987 1989 summum
1007 1946 1053 1989 in
1074 1946 1200 1990 rebus
1220 1946 1363 1989 sacris
1384 1952 1425 1989 et
1446 1948 1619 1990 (eternis
1630 1947 1855 2005 pudorem.

378 2108 474 2166 UI
502 2110 822 2187 Virgilium
848 2110 1089 2186 Epicuri
1113 2110 1349 2167 familiae
1371 2112 1823 2169 adscribendum
1848 2129 1977 2167 esse

417 2207 640 2275 volunt,
674 2208 900 2264 duabus
943 2208 1204 2264 maxime
1248 2209 1436 2265 causis
1476 2208 1650 2264 inniti.
1682 2209 1972 2264 videntur.

222 2299 508 2370 Primum,
539 2304 694 2376 quod
725 2304 773 2360 is
805 2301 1151 2359 Lucretium
1193 2302 1508 2378 aliquando
1545 2302 1714 2359 effert
1754 2303 1974 2358 eximia

221 2399 471 2472 quadam
487 2399 679 2467 laude,
699 2418 877 2474 seque
897 2419 1016 2455 non
1037 2399 1282 2456 obscure
1302 2399 1560 2456 declarat
1572 2399 1634 2455 in
1653 2399 1777 2474 ejus
1797 2400 1975 2456 vesti-

219 2495 329 2570 giis
350 2495 498 2551 velle
516 2497 754 2570 quidem
775 2503 936 2552 certe
959 2496 1244 2553 insistere.
1287 2494 1521 2551 Deinde
1541 2496 1695 2570 quod
1716 2502 1971 2551 mortem

219 2591 402 2647 semel
432 2599 610 2667 atque
640 2592 856 2649 iterum
894 2594 1258 2667 deprecatur,
1290 2592 1499 2648 eodem
1532 2591 1717 2648 ferme
1748 2598 1971 2659 tenore,

219 2707 335 2762 quo
375 2688 525 2745 solet
565 2688 774 2765 vulgus
818 2688 1164 2756 hominum3
1211 2689 1375 2763 quasi
1419 2687 1582 2745 nulla
1625 2688 1973 2772 mortalibus

220 2786 469 2860 supersit
494 2787 852 2861 expectati0‚
870 2786 1052 2843 semel
1073 2786 1195 2842 vita
1217 2785 1454 2842 functis.
1523 2784 1640 2841 Sed
1667 2786 1971 2860 utriusque

218 2881 403 2938 facilis
439 2882 550 2938 erit
581 2883 901 2950 exeusati0‚
935 2883 1221 2939 attentius
1251 2883 1427 2938 modo
1460 2881 1852 2957 Virgilianam
1883 2884 1973 2938 in·-

219 2977 413 3033 dolem
450 2977 860 3035 consideranti.

303 3073 464 3129 Nam
510 3075 667 3148 quod
714 3074 1077 3140 Lucretium,
1114 3073 1294 3130 talem
1337 3074 1544 3138 virum,
1576 3073 1757 3148 ipsius
1801 3093 1967 3149 paene

218 3169 524 3244 aequalem,
543 3170 863 3227 honorifice
892 3169 1263 3246 praedicabat,
1286 3170 1342 3226 id
1369 3169 1605 3244 quidem
1632 3171 1968 3244 pertinebat

217 3267 650 3340 quodammodo
695 3268 767 3324 ad
817 3267 1132 3323 candidum
1177 3274 1357 3341 atque
1408 3267 1732 3342 ingenuum
1786 3267 1969 3342 ipsius

218 3362 496 3428 animum,
548 3362 704 3419 ultro
769 3362 1006 3418 laudem
1065 3362 1478 3437 impertientis,
1531 3363 1629 3418 ubi
1693 3381 1784 3418 res
1843 3371 1969 3419 erat

218 3457 526 3514 laudanda.
615 3457 733 3515 Sed
779 3459 973 3534 palam
1015 3465 1071 3515 et
1116 3466 1317 3533 aperte
1362 3467 1540 3534 negat
1578 3477 1639 3515 se
1685 3460 1744 3513 in
1790 3458 1970 3524 illius,

218 3561 497 3628 tanquam
544 3555 827 3630 magistri,
882 3554 1058 3610 verba
1091 3554 1307 3628 jurare.
1398 3553 1496 3610 Sic
1542 3555 1698 3610 enim
1745 3554 1969 3628 accipio
