2288 4036
152 291 515 325 PRAEL.xxxv11.
613 273 861 342 Exempla
891 272 1184 342 Viryz‘liana
1209 274 1269 325 de
1294 274 1483 327 avibus,
1799 278 1898 331 751

384 414 476 458 Aut
498 420 652 471 quater
673 414 962 471 ingeminant,
985 421 1028 457 et
1051 429 1167 471 saepe
1189 414 1410 458 cubilibus
1434 416 1547 466 altis,

384 485 549 529 Nescio
572 500 659 543 qua
679 493 838 542 praeter
859 486 1039 529 solitum
1062 486 1294 530 dulcedine
1314 488 1419 539 laeti,

387 556 508 600 Inter
529 572 576 600 se
596 556 711 600 foliis
734 557 965 613 strepitant
982 574 991 600 z
1019 558 1147 615 juvat
1168 558 1387 602 imbribus
1409 559 1517 602 actis

384 629 647 686 Progeniem
667 644 848 686 parvam
871 629 1110 688 dulcesque
1131 631 1319 675 revisere
1343 631 1488 675 nidos.

232 747 304 803 In
349 765 410 803 re
455 747 594 803 satis
631 747 870 823 vulgata
905 748 1183 806 affectum
1231 749 1459 806 habetis
1503 750 1746 807 minime
1779 751 1906 807 vul-

145 862 364 919 garem.
454 841 759 919 Intelligas
789 845 1042 902 eundem
1075 845 1234 920 loqui
1259 845 1600 922 Virgilium,
1633 848 1731 922 qui
1762 847 1903 905 alias

146 938 355 996 durum
399 939 717 1015 appellavit
760 949 1066 1009 aratorem,
1110 949 1350 1018 propter
1393 944 1716 1001 abstractos
1763 945 1904 1001 Phi-

145 1035 374 1093 lomelae
406 1036 598 1103 foetus,
633 1056 986 1112 carmenque
1015 1039 1352 1096 miserabile
1383 1046 1512 1096 tota
1547 1048 1722 1098 nocte
1752 1041 1903 1098 inte-

143 1140 396 1209 gratum.
483 1133 703 1201 Quidni
736 1134 951 1192 faciat?
998 1155 1132 1191 cum
1165 1155 1395 1211 semper
1424 1137 1609 1193 ferme
1639 1145 1903 1195 contem-

144 1229 343 1304 pletur
391 1229 588 1285 avium
637 1229 815 1298 lusus,
864 1232 1177 1298 domicilia,
1218 1233 1464 1301 volatus,
1511 1234 1685 1291 simili
1736 1236 1901 1310 pae‘ne

146 1324 470 1399 voluptate,
499 1344 566 1381 ac
597 1326 836 1403 benigni
867 1327 1094 1385 soleant
1124 1347 1292 1386 senes
1322 1331 1525 1388 adesse
1555 1331 1902 1389 feriantibus

144 1423 338 1497 pueris
381 1430 443 1478 et
489 1421 714 1497 puellis
791 1424 984 1481 Immo
1028 1427 1323 1501 pecudum
1362 1429 1627 1484 omnium
1657 1448 1724 1486 ac
1755 1429 1903 1486 fera-

143 1539 273 1575 rum
319 1520 513 1576 studia
556 1538 865 1595 moresque
909 1522 993 1578 ita
1036 1531 1248 1592 narrat,
1281 1531 1348 1580 ut
1379 1525 1479 1600 qui
1517 1544 1651 1582 cum
1699 1526 1901 1583 amicis

144 1615 492 1690 quibusdam
524 1624 586 1673 et
616 1617 997 1676 familiaribus
1028 1621 1146 1677 suis
1177 1620 1380 1678 ludere
1409 1623 1681 1698 gestiat‘.

377 1739 405 1783 J
410 1754 482 1782 am
503 1739 644 1783 van'as
667 1741 811 1798 pelagi
832 1743 1047 1794 volucres,
1067 1749 1109 1786 et
1130 1758 1229 1800 quae
1251 1743 1359 1786 Asia
1379 1744 1547 1787 circum

379 1810 601 1854 Dulcibus
623 1811 671 1854 in
693 1813 862 1870 stagnis
884 1814 1102 1857 rimantur
1122 1822 1247 1871 prata
1270 1810 1461 1874 Caffstri,

380 1882 590 1926 Certatim
611 1885 759 1942 largos
781 1885 978 1930 humeris
999 1887 1234 1930 infundere
1255 1903 1402 1939 rores;

377 1954 513 1998 Nunc
536 1963 668 2012 caput
690 1957 906 2014 objectare
927 1958 1064 2010 fretis,
1088 1974 1208 2002 nunc
1231 1974 1404 2003 currere
1425 1960 1471 2002 in
1493 1959 1642 2011 undis,

378 2026 436 2070 Et
457 2027 606 2070 studio
627 2028 854 2073 incassum
874 2030 1023 2074 videas
1045 2031 1206 2088 gestire
1225 2031 1417 2074 lavandi.

375 2099 493 2142 Tum
516 2101 669 2143 cornix
691 2102 822 2157 plena
841 2103 1037 2159 pluviam
1058 2113 1186 2147 vocat
1207 2103 1411 2161 improba
1432 2119 1553 2155 voce,

378 2171 437 2214 Et
459 2173 553 2215 sola
572 2172 616 2216 in
641 2173 756 2217 sicca
777 2189 928 2218 secum
954 2175 1170 2232 spatiatur
1190 2190 1335 2220 arena.

226 2284 456 2343 Verum
505 2287 653 2343 nihil
703 2290 860 2364 apud
909 2309 1045 2346 eum
1099 2299 1203 2348 aut
1257 2291 1558 2366 pulchrius
1609 2298 1714 2348 aut
1760 2311 1898 2349 vero

141 2383 395 2457 propiUS,
438 2402 615 2458 quam
659 2385 760 2441 ubi
807 2386 1094 2444 columbae
1139 2388 1292 2444 forte
1335 2389 1404 2444 fit
1446 2389 1710 2446 mentio:
1761 2409 1898 2445 nam

139 2497 310 2535 avem
356 2479 508 2537 hanc
552 2500 730 2538 unam
777 2490 916 2539 ante
961 2503 1181 2552 omnes,
1219 2492 1287 2541 ut
1324 2486 1574 2552 videtur,
1620 2484 1898 2542 dilectam

139 2573 414 2633 habebat.
489 2576 718 2634 Audite
751 2587 889 2635 vero'
909 2591 946 2636 S.

378 2695 534 2744 Qualis
557 2697 768 2753 spelunca
789 2698 937 2742 subito
960 2707 1182 2744 commota
1203 2701 1424 2754 columba,

376 2767 463 2811 Cui
484 2768 644 2812 domus
665 2776 708 2813 et
730 2769 880 2814 dulces
902 2772 1122 2816 latebroso
1144 2773 1191 2816 in
1212 2774 1389 2830 pumice
1409 2773 1518 2826 nidi,

375 2839 533 2883 Fertur
553 2841 600 2883 in
621 2856 725 2885 arva
745 2843 916 2894 volans,
938 2844 1234 2901 plausumque
1255 2844 1460 2888 exterrita
1479 2846 1637 2902 pennis

376 2913 467 2957 Dat
487 2921 603 2957 tecto
624 2914 851 2971 ingentem
866 2933 879 2967 3
912 2930 1018 2959 mox
1039 2918 1137 2959 aere
1156 2917 1281 2973 lapsa
1301 2916 1450 2973 quieto

375 2985 508 3029 Radit
527 2987 610 3030 iter
629 2987 865 3045 liquidum,
889 2989 1049 3031 celeres
1071 3002 1214 3047 neque
1237 2994 1486 3033 commovet
1507 2990 1614 3033 alas.

141 3086 359 3153 Prim0,
397 3108 554 3165 aegre
595 3090 1030 3164 quodammodo
1074 3089 1205 3157 fert,
1251 3090 1552 3148 exturbari
1597 3090 1896 3149 volucrem
1978 3171 1989 3178 ο

140 3201 216 3239 ex
261 3183 476 3259 angulo
522 3192 644 3241 tam
696 3185 1048 3260 tranquillo:
1103 3187 1315 3243 deinde
1361 3186 1545 3244 oculis
1588 3206 1707 3244 non
1751 3189 1898 3245 invi-

141 3278 215 3334 tis
259 3279 465 3353 aspicit
509 3279 894 3355 liquidissimo
942 3280 1043 3337 illo
1089 3288 1151 3338 et
1193 3281 1538 3339 mollissimo
1579 3282 1744 3358 lapsu
1778 3284 1897 3340 fru-

144 3381 361 3430 entem.

317 3543 330 3560 ¹
355 3536 510 3592 θεον-9.
538 3551 574 3581 ῐ.
599 3538 700 3595 383.
1374 3547 1391 3570 ⁵
1413 3540 1524 3583 AEn.
1548 3551 1590 3596 5.
1616 3554 1715 3596 213.
