2288 4036
283 217 396 272 556
453 218 619 290 Apud
644 218 956 272 Pindarum
982 217 1154 271 adesse
1179 217 1445 287 defimctos
1471 218 1673 272 Heroas
1692 241 1707 271 .·
1745 238 2094 273 Passuxxvn.

287 366 651 444 discipulum
683 366 886 444 prodit
921 365 1255 424 Pindarus:
1295 365 1465 424 velut
1495 366 1599 424 ubi
1631 372 1852 436 narrat,
1885 365 2099 425 heroas

294 463 575 525 didicisse
605 484 825 543 pueros
842 472 890 533 X,

469 603 672 660 μάλιστα
693 602 774 661 μὲν
797 601 1028 661 Κρονίδαν,

467 677 701 735 βαρυόπαν
723 677 947 734 στεροπᾶν
969 672 1188 733 κεραύνων
1209 692 1257 720 τε
1277 669 1488 735 πρῦτανιν

473 748 585 794 θεῶν
607 748 843 796 σέβεσθαι·

470 820 631 868 ταύτας
653 822 700 866 δὲ
721 819 781 880 μή
802 839 912 866 ποτε
933 823 1060 879 τιμᾶς
1079 820 1274 880 ἀμείρειν
1293 821 1459 881 γονέων
1477 821 1580 875 βίον
1600 821 1899 880 πεπρωμένον.

286 940 445 1010 Quae
491 938 770 1011 formula,
809 939 872 997 ni
918 939 1111 1010 fallor,
1153 947 1427 1017 spectare
1468 941 1708 998 videtur
1751 940 1828 998 ad
1861 938 2099 999 Aureos

287 1037 660 1117 Philosophi,
694 1040 797 1116 qui
828 1050 1142 1109 vocantur,
1175 1059 1399 1098 versuS.

373 1137 715 1200 Veniamus
756 1139 832 1198 ad
877 1138 1136 1198 alteram
1180 1140 1425 1217 pietatis
1458 1137 1790 1197 Pindaricae
1825 1143 2098 1215 partem}

285 1236 458 1315 cujus
509 1236 679 1296 velut
732 1236 915 1295 odore
969 1238 1322 1296 suavissimo
1378 1237 1585 1296 Poesis
1638 1237 1768 1314 ejus
1822 1238 2102 1296 universa

285 1337 599 1395 imbuitur.
695 1335 1040 1395 Defunctos
1092 1336 1378 1395 videlicet
1437 1337 1649 1394 heroas
1702 1335 2101 1412 optimatibus

285 1437 409 1496 suis
452 1436 664 1495 adesse
701 1436 880 1515 fingit
925 1437 1091 1494 omni
1141 1436 1274 1495 loco
1320 1456 1390 1494 ac
1437 1442 1749 1513 tempore;
1800 1435 1988 1493 immo
2034 1441 2100 1493 et

286 1554 535 1614 superos
566 1555 808 1614 quoque
849 1536 1051 1606 Deos3
1102 1536 1436 1614 praesertim
1469 1555 1726 1613 quorum
1770 1541 1902 1593 erat
1940 1535 2102 1611 quis-

286 1655 406 1714 que
440 1635 607 1711 (nam
637 1637 725 1695 ita
756 1635 939 1714 vulgo
979 1635 1408 1713 perhibebant)
1441 1635 1516 1693 de
1563 1636 1751 1711 stirpe
1792 1634 2100 1693 oriundus.

288 1734 455 1795 Hinc
514 1734 621 1794 illa
671 1735 888 1813 saepius
941 1735 1321 1794 occurrentia
1374 1735 1450 1793 de
1503 1733 1856 1792 numinibus
1910 1741 2099 1792 noctu

285 1832 570 1903 evocatis,
605 1839 668 1892 et
710 1832 787 1891 ad
822 1851 1032 1910 preces
1064 1831 1432 1902 mortalium,
1466 1852 1617 1910 quos
1662 1851 1831 1891 caros
1875 1831 2104 1892 habue-

284 1940 450 2005 runt,
482 1932 1028 2011 comparentibusy.
2129 1935 2132 1938 ’

587 2065 698 2127 ἀγχὶ
721 2064 758 2112 δ’
782 2065 928 2112 ἐλθὼν
948 2067 1110 2113 πολιᾶς
1130 2064 1239 2113 ἁλὸς
1260 2060 1351 2113 οἶος
1374 2063 1420 2112 ἐν
1440 2063 1588 2125 ὀρφνᾷ

592 2142 731 2187 ἄπυεν
750 2139 1035 2200 βαρῦκτυπον

900 2217 912 2233 ξ
962 2214 973 2231 2
1034 2215 1047 2232 Φ
1094 2216 1114 2228 Α

519 2338 521 2340 .
590 2291 682 2351 πὰρ
703 2291 809 2336 ποδὶ
831 2290 999 2350 σχεδὸν
1020 2290 1155 2349 φάνη.

291 2410 419 2473 Sed
450 2410 815 2490 exquisitius
845 2409 997 2469 illud
1030 2408 1105 2468 de
1131 2408 1303 2468 Iamo
1324 2421 1387 2468 ⁷¹:

532 2537 722 2596 τερπνᾶς
744 2534 781 2581 δ’
805 2535 900 2581 ἐπεὶ
921 2535 1320 2595 χρυσοστεφάνοιο
1340 2533 1481 2590 λάβεν

535 2612 705 2671 καρπὸν
730 2609 890 2666 Ἣβᾶς,
910 2610 1096 2671 Ἀλφεῷ
1126 2609 1281 2669 μέσσα
1313 2610 1509 2665 καταβὰς
1531 2609 1754 2655 ἐκάλεσσε
1774 2605 2011 2655 Ποσειδᾶν’
2034 2604 2105 2654 εὖ·

593 2685 755 2744 ρυβίαν

534 2754 586 2803 ὃν
606 2761 842 2819 πρόγονον,
866 2757 936 2803 καὶ
961 2758 1214 2818 τοξοφόρον
1235 2758 1387 2803 Δάλου
1408 2756 1653 2817 θεοδμάτας
1675 2758 1860 2810 σκοπόν,

534 2831 692 2879 αἰτέων
711 2834 973 2892 λαοτρόφον
993 2833 1123 2891 τιμάν
1142 2832 1221 2878 τιν’
1246 2834 1295 2891 ἑᾷ
1318 2834 1514 2892 κεφαλᾷ,

533 2907 688 2953 νυκτὸς
709 2906 953 2965 ὑπαίθριος·
993 2906 1329 2967 ἀντεφθέγξατο
1358 2906 1395 2951 δ’
1422 2905 1633 2965 ἀρτιεπὴς
1659 2906 1822 2966 πατρία
1846 2904 1984 2960 ὅσσα,
2006 2906 2105 2965 (με-

596 2980 824 3026 ταλλασέν
846 2980 896 3026 τέ
914 2982 1024 3040 μιν)·
1059 2981 1188 3040 ὄρσο,
1210 2981 1377 3034 τέκνον,

534 3052 666 3114 δεῦρο
686 3055 927 3114 πάγκοινον
949 3055 993 3102 ἐς
1011 3058 1165 3114 χώραν
1185 3053 1283 3113 ἴμεν
1304 3056 1461 3114 φάμας
1482 3053 1688 3100 ὄπισθεν.

291 3158 445 3230 Quis
493 3178 617 3218 non
668 3159 860 3219 oculis
914 3179 1103 3239 prope
1155 3170 1365 3220 cernat
1404 3161 1702 3236 juvenem
1753 3160 2107 3237 circumspi-

290 3259 575 3329 cientem,
627 3279 750 3337 quo
811 3278 877 3318 se
937 3267 1137 3319 vertat
1197 3259 1487 3328 nescium,
1550 3276 1742 3336 quum
1801 3258 1970 3317 nulla
2025 3259 2107 3318 sit

292 3365 516 3437 praesto
547 3377 625 3416 ne
655 3358 857 3419 tenuis
888 3358 1135 3435 quidem
1166 3358 1376 3426 forma,
1408 3360 1649 3414 tantum
1696 3356 1860 3415 aeria
1899 3357 2103 3415 nescio

293 3476 426 3534 quae
479 3476 619 3527 vox,
667 3457 840 3535 cujus
892 3457 1036 3516 fidei
1089 3456 1475 3516 committere
1527 3475 1592 3516 se
1645 3454 1912 3515 debeat?
1992 3454 2104 3514 Est

414 3688 435 3708 ³
455 3682 591 3742 Pytk.
617 3682 690 3729 61.
717 3696 790 3742 23.
1067 3689 1093 3722 Y
1117 3683 1189 3728 ΟΖ,
1219 3695 1256 3727 1.
1285 3694 1386 3738 115,
1654 3688 1676 3713 2
1697 3680 1814 3727 Ibid.
1838 3680 1881 3726 6.
1903 3692 1978 3739 95.
