2288 4036
1011 274 1371 326 INDEX.

199 427 200 430 =
272 402 328 445 de
360 402 464 445 feris
501 408 543 444 et
579 402 734 446 avibus
770 401 885 454 duci,
917 403 1004 445 xix.
1028 417 1128 459 340.

274 460 527 504 Pindaricae
550 459 604 503 de
625 475 671 503 re
692 460 876 512 ludicra,
900 477 1003 504 xxv.
1027 473 1128 519 497.

272 518 557 562 Lucretianas
580 518 634 561 de
649 494 927 562 trivialibus
917 534 961 562 m
981 521 1129 563 030108-

270 578 345 628 tia,
367 577 517 620 xxxiii.
549 576 649 634 675.
683 577 938 634 Virgilianae
968 579 1073 634 saepi
1077 594 1129 621 118

272 611 528 679 noininibus
558 643 663 679 sunt
692 635 926 688 distinctae,
949 637 1128 680 xxxviii.

274 693 376 751 769

214 752 469 804 Simonides,
491 752 580 795 xvi.
611 752 710 802 282,
743 754 841 808 285.
875 754 968 811 ejus
998 753 1132 797 verba

272 817 530 877 ponuntur,
550 810 652 853 ibid.
692 786 871 854 Pindari
900 812 1130 869 Magister,

275 869 444 912 amicus
468 869 691 920 Hieronis,
714 870 847 913 xxvii.
872 881 973 924 552

216 928 461 971 Simulacra
483 928 680 984 Epicuri,
704 943 783 971 cur
807 928 1011 972 Lucretio
1039 931 1131 986 pla-

186 1033 190 1037 ,
274 986 459 1037 cuerint,
482 987 617 1029 xxxii.
641 987 741 1044 657.

216 1045 444 1087 Simulatio
466 1051 557 1087 tam
585 1045 631 1087 in
661 1045 788 1088 Poesi
816 1060 950 1103 quam
976 1046 1024 1089 in
1047 1046 1131 1090 Re-

273 1103 450 1160 ligione,
473 1104 533 1146 xl.
556 1103 658 1160 807.

215 1161 327 1204 Sitis
339 1162 663 1204 molestissimae
677 1160 1007 1218 descriptiones,
1011 1178 1052 1206 v.
1059 1162 1130 1207 66.

214 1220 417 1263 Socrates
457 1219 512 1263 ab
548 1220 897 1264 Atheniensibus
939 1222 1128 1273 occisus,

269 1278 404 1322 xxvii.
427 1289 529 1344 552.
565 1293 733 1322 morem
754 1279 817 1322 illi
838 1280 976 1337 gessit
998 1280 1128 1323 Euri-

269 1336 410 1393 pides,
432 1337 552 1379 xxix.
575 1346 674 1394 593.
719 1337 1046 1406 philosophiam
1076 1338 1130 1382 de

269 1395 377 1438 caelo
400 1394 642 1447 devocavit,
664 1396 785 1439 xxxi.
809 1395 910 1454 632.
953 1397 1047 1454 ejus
1071 1398 1127 1440 εἶ-

268 1453 435 1510 ρωνεὶα,
457 1453 608 1496 xxxix.
633 1454 733 1510 782.

214 1512 465 1555 Socraticas
490 1518 650 1578 praeter
671 1511 946 1556 Academum
980 1513 1128 1557 deam-

267 1570 445 1622 bulans,
466 1570 630 1614 xxxvii.
655 1580 754 1627 741.

213 1629 292 1671 Sol
311 1643 446 1671 cursu
465 1628 697 1681 inhibitus,
719 1644 791 1673 xv.
817 1640 916 1686 257.

213 1687 425 1730 Solatium
461 1687 725 1738 animorum,
757 1703 911 1731 versus
949 1689 1128 1731 conclu-

271 1744 406 1788 dendi
427 1759 546 1796 cura,
568 1746 686 1790 xxiv.
710 1757 811 1803 472

214 1804 497 1855 Somniorum,
507 1804 678 1861 AEschy
668 1805 723 1847 lo
731 1804 895 1862 Judice
905 1805 1029 1856 ratio,
1039 1805 1128 1848 xix.

269 1875 371 1919 353.
435 1862 555 1963 ap8ud
596 1862 957 1920 philosophantes
1003 1865 1128 1916 ratio,

270 1921 418 1964 xxxix.
447 1921 502 1978 78
505 1931 547 1975 5.

211 1979 352 2022 Sonos
373 1985 553 2035 propter
580 1994 715 2037 aquas
742 1980 789 2023 in
817 1980 1130 2038 longissimum

269 2037 387 2089 ferri,
410 2038 590 2081 xxxviii.
616 2038 716 2093 768.

211 2095 428 2152 Sophistae
445 2095 602 2196 6apud
655 2096 885 2140 Platonem
939 2097 1127 2150 ridiculi,

270 2155 421 2198 xxxiv
510 2168 527 2197 1

211 2212 446 2269 Sophocles
473 2169 597 2270 guid
612 2213 660 2256 in
690 2213 915 2270 OEdipode
947 2214 1031 2257 sibi
1053 2230 1130 2258 vo-

269 2271 415 2322 luerit,
450 2286 524 2314 ΧΧ.
560 2272 661 2328 358.
715 2272 933 2329 AEschylo
970 2274 1130 2324 minor,

269 2329 392 2387 quod
440 2329 497 2372 ad
540 2329 744 2373 Orestem
797 2331 997 2387 pertinet,
1040 2333 1129 2375 xxi.

262 2401 372 2454 ‚3923
396 2400 498 2444 403.
537 2387 590 2431 de
611 2389 705 2446 ejus
717 2390 824 2435 1000
847 2389 1130 2446 disceptatur,

268 2446 418 2490 xxviii.
442 2447 623 2502 passim.
674 2461 766 2489 non
803 2448 897 2490 sine
939 2448 1128 2505 quadam

268 2504 447 2555 invidia,
471 2504 571 2559 561,
596 2504 695 2559 562.
729 2505 776 2547 in
798 2520 848 2548 eo
870 2507 1130 2564 plerumque

269 2563 552 2619 auspicamur
582 2563 879 2621 Tragoediam,
910 2564 1012 2618 562.
1059 2580 1129 2608 ca-

268 2628 335 2664 ret
357 2621 675 2665 Primariorum
695 2622 826 2673 notis,
850 2622 951 2679 563.
984 2624 1128 2666 mino-

268 2694 370 2724 rum
422 2681 614 2736 partium
661 2695 872 2736 personas
926 2682 1126 2738 negligit,

268 2738 371 2792 564.
418 2739 521 2782 felix
560 2739 608 2782 in
644 2738 794 2782 dolore
831 2739 1127 2797 depingendo,

269 2797 371 2850 566.
451 2797 629 2854 propria
691 2798 852 2854 saepius
906 2799 1127 2855 compilat,

213 2896 224 2903 ,.
262 2854 420 2900 xxviii.
443 2855 545 2912 568.
578 2856 672 2913 ejus
694 2857 882 2907 εὐκολία,
905 2856 1006 2914 569.
1026 2858 1127 2911 584.

270 2913 456 2957 Naturae
477 2921 520 2957 et
549 2915 751 2957 1000111111
779 2915 1127 2967 amantissimus,

216 3020 218 3023 y
269 2982 371 3030 570.
403 2973 552 3016 vetulo
565 2973 604 3016 ei
622 2988 784 3016 corona
800 2973 1006 3024 defertur,
1025 2984 1126 3031 571.

268 3030 667 3087 φιλαθηναιότατος,
685 3031 786 3089 576.
819 3031 983 3088 duplici
999 3032 1129 3075 laude

268 3089 600 3146 comprobatus,
613 3090 719 3132 ibid.
743 3090 790 3132 in
806 3089 1000 3133 Scenicis
1015 3091 1128 3147 peri-

269 3147 482 3198 tissimus,
501 3149 602 3202 580.
635 3148 755 3191 varia
775 3149 869 3205 ejus
891 3149 1010 3200 vitia,
1026 3150 1126 3203 581.

269 3205 387 3249 exire
396 3206 581 3272 jubetur
595 3221 618 3250 e
632 3206 847 3258 Patriciis,
862 3208 964 3273 582.
997 3182 1128 3250 'Euri-

269 3263 434 3320 pidem
423 3279 468 3307 111
481 3263 681 3308 Choricis
692 3273 882 3321 superat,
893 3265 1013 3308 xxix.
1024 3278 1125 3323 590.

267 3336 423 3366 eorum
442 3322 490 3366 in
510 3324 710 3380 partibus
723 3323 1016 3367 muliebribus
1036 3325 1126 3368 (118-

268 3380 450 3432 crimen,
472 3391 574 3438 595.
628 3381 683 3425 de
709 3382 811 3426 vitae
843 3382 986 3434 malis,
1024 3397 1125 3426 cum

269 3414 475 3482 Lucretio
497 3440 795 3496 componitur,
818 3455 952 3483 xxxv.
978 3450 1076 3497 700.

214 3498 440 3564 Sophoclis
486 3497 620 3542 verba
669 3505 911 3555 ponuntur,
952 3499 1010 3542 vi.
1054 3500 1125 3543 80.

267 3555 359 3599 xiii.
382 3569 481 3600 221.
503 3571 638 3600 xxxv.
663 3567 763 3625 700.

213 3614 415 3670 Soutkey,
444 3614 679 3681 Robertus,
703 3616 797 3672 ejus
819 3615 1013 3682 0311111113
1032 3617 1127 3659 1311-

272 3671 448 3723 dantur,
471 3672 590 3716 xviii.
613 3686 714 3740 331.
749 3673 901 3717 xxxii-i.
925 3673 1026 3731 669.
1075 3674 1129 3717 de

248 3729 379 3774 Ficu
401 3729 568 3783 Indica,
590 3731 740 3775 xxxiii.
762 3730 863 3786 664.
977 3793 1015 3825 ἢ

2025 273 2132 327 849

1217 402 1422 457 Spartam
1447 400 1502 443 ab
1525 399 1736 457 Euripide
1762 399 1936 457 probris
1963 400 2132 451 lacessi,

1276 459 1396 502 xxix.
1420 459 1506 515 588

1218 519 1453 575 Spenserus
1473 517 1655 560 mirifice
1677 516 1760 560 sibi
1782 523 1969 568 constat,
1991 531 2034 560 v.
2058 517 2130 572 58.

1274 576 1514 642 Virgilium
1553 582 1596 619 et
1638 575 1773 618 Italos
1814 575 2024 625 imitatur,
2059 574 2130 618 60.

1273 635 1362 678 viii.
1391 634 1488 678 106.
1526 635 1586 677 xi.
1614 644 1710 691 170.
1745 635 1805 676 xl.
1828 632 1929 676 806.
1985 633 2134 676 Ironia

1275 699 1341 736 est
1372 708 1483 736 usus
1516 693 1560 736 in
1600 707 1775 735 summa
1811 691 1994 735 carmini
1997 707 2032 740 8,
2058 691 2130 749 69.

1275 751 1494 795 Arturum
1517 766 1650 795 suum
1676 750 1753 794 diu
1778 751 1903 801 celat,
1925 750 2013 794 viii.
2033 749 2130 793 106.

1275 824 1396 853 nunc
1419 810 1604 853 Iliadem
1624 824 1744 853 nunc
1769 809 2032 875 Odysseiam
2055 807 2132 851 ad-

1275 868 1467 919 umbrat,
1505 869 1564 912 xi.
1605 879 1700 926 170.
1746 882 1825 912 0111
1856 867 2008 911 multis
2043 866 2132 910 dis-

1275 927 1447 983 pliceat,
1462 927 1567 970 xxii.
1591 937 1692 983 415.
1746 926 1874 984 fingit
1897 926 2134 970 Pastorum

1275 999 1501 1041 personas,
1524 986 1643 1029 xxiv.
1662 996 1763 1043 470.
1798 985 1973 1052 scripsit
1994 985 2132 1028 canti-

1275 1045 1413 1095 lenas,
1447 1045 1566 1088 xxiv.
1599 1054 1698 1101 474.
1730 1044 1928 1100 patronis
1962 1043 2131 1086 obtem-

1275 1102 1456 1158 peravit,
1480 1115 1581 1161 475.
1636 1117 1723 1161 qua
1743 1118 1797 1146 ex
1823 1109 1946 1160 parte
1970 1101 2131 1145 Pinda-

1276 1161 1376 1204 ricis
1397 1162 1542 1205 lucem
1563 1161 1729 1212 afferat,
1752 1162 1854 1215 480.
1886 1161 2005 1204 xxvi.
2030 1160 2132 1217 516.

1277 1220 1518 1263 consolatio
1554 1221 1649 1286 ejus
1686 1219 1740 1263 de
1771 1226 1913 1263 morte
1951 1219 2132 1269 Sidneii,

1273 1288 1375 1335 523.
1427 1279 1598 1322 animos
1640 1278 1686 1321 in
1723 1278 1959 1322 Puritanos
2001 1277 2131 1328 acuit,

1273 1337 1334 1379 xl.
1358 1337 1459 1380 812.

1216 1394 1466 1450 Sperchium
1478 1396 1716 1462 alloquitur
1728 1394 1938 1446 Achilles,
1942 1394 2014 1438 vii.
2034 1407 2131 1461 103.

1217 1452 1388 1508 Spiritu
1419 1454 1509 1496 oris
1532 1454 1620 1497 Dei
1648 1454 1834 1497 recreari
1857 1453 2020 1505 omnia,
2043 1453 2132 1496 xix.

1274 1512 1376 1567 348.
1401 1512 1656 1556 Dominus
1646 1527 1683 1555 18
1701 1519 1743 1555 et
1761 1511 1887 1555 dator
1900 1513 2015 1563 vitae,
2030 1526 2131 1568 349.

1217 1570 1556 1625 Spondaicorum
1571 1585 1783 1615 versuum
1798 1571 1923 1622 ratio,
1932 1571 2020 1614 viii.
2035 1584 2051 1613 1
2065 1580 2131 1626 17.

1217 1628 1363 1671 Stadii
1384 1635 1426 1672 et
1446 1636 1608 1674 caestus
1641 1628 1884 1673 similitudo
1913 1628 2132 1688 quaedarm

1274 1687 1392 1730 xxiv.
1415 1688 1517 1744 483.

1217 1745 1354 1788 Statii
1403 1746 1537 1789 verba

1273 1804 1409 1847 xxxiv
1414 1838 1423 1847 .
1446 1803 1547 1847 686.

1218 1862 1447 1905 Strabonis
1483 1863 1536 1906 de
1572 1863 1771 1907 Homero
1812 1863 2132 1913 testimonium,

1275 1921 1363 1964 xvi.
1389 1920 1488 1964 266.

1220 1979 1488 2036 Strepsiadis
1540 1980 1659 2038 apud
1722 1979 1966 2024 Pindarum
2020 1981 2132 2031 laus,

1275 2038 1393 2082 xxvi.
1418 2050 1519 2096 529.

1218 2097 1335 2151 Styli
1368 2098 1465 2140 laus
1503 2097 1731 2140 dubitatur
1772 2112 1827 2140 an
1865 2096 2042 2154 propria
2078 2097 2134 2140 sit

1277 2154 1528 2207 Poetarum,
1551 2156 1700 2199 xxviii.
1724 2166 1826 2213 577.

1218 2213 1497 2270 Stymphalas
1518 2229 1597 2257 cur
1626 2229 1743 2258 curae
1772 2215 1903 2258 fuerit
1926 2214 2132 2266 Pindaro,

1273 2287 1391 2316 xxm.
1415 2282 1471 2329 53
1509 2306 1516 2316 .

1217 2331 1389 2373 Summa
1432 2287 1713 2383 Szimmaraffl
1757 2331 1950 2375 Lucretii
1990 2331 2045 2376 de
2085 2347 2136 2376 ea

1274 2403 1444 2441 versus,
1469 2390 1604 2432 xxxii.
1629 2389 1729 2446 651.

1216 2447 1455 2503 Supplices,
1504 2447 1708 2514 AEschyli
1747 2448 1997 2515 Tragoedia,
2045 2463 2134 2506 quo

1272 2513 1469 2580 tempore
1502 2507 1664 2563 scripta
1708 2507 1854 2559 fuerit,
1903 2508 2006 2551 xv1i.
2031 2521 2131 2564 294.

1272 2562 1374 2618 ἦθος
1415 2565 1591 2621 proprie
1639 2564 1809 2608 dictum
1852 2580 1945 2609 non
1984 2565 2132 2617 habet,

1275 2633 1375 2679 295.
1410 2622 1660 2666 Promethei
1658 2623 2010 2691 ”quodammodo
2027 2639 2133 2680 sup-

1272 2682 1560 2748 plementum,
1595 2682 1715 2725 xxiii.
1753 2697 1854 2737 441.
1907 2683 2031 2740 tangi
2070 2682 2133 2726 ibi

1272 2740 1448 2796 proprie
1488 2739 1707 2792 foeminas,
1732 2753 1833 2797 451.
1885 2755 1978 2784 non
2017 2740 2133 2784 hanc

1272 2799 1343 2841 vel
1380 2798 1514 2849 illam,
1559 2798 1636 2841 sed
1672 2814 1814 2856 genus
1855 2799 2131 2850 foemineum,

1273 2866 1375 2910 452.
1409 2871 1562 2900 earum
1582 2857 1780 2915 ἀφελεία,
1805 2858 1859 2901 (10
1880 2872 2044 2901 0003110
2066 2858 2130 2900 10-

1273 2915 1520 2971 quentium,
1543 2916 1663 2958 xxiii.
1678 2917 1779 2973 458.
1812 2916 1932 2972 apud
1953 2916 2131 2972 Euripi-‘-

1274 2973 1377 3016 dem
1417 2974 1586 3030 prolixe
1627 2973 1681 3018 de
1716 2975 1942 3032 republica
1975 2981 2131 3031 agunt,

1273 3032 1393 3075 xxix.
1417 3032 1519 3087 588.

1217 3090 1351 3146 Sylva
1392 3105 1471 3134 cur
1512 3092 1786 3148 appellentur
1816 3091 1925 3135 viles
1966 3090 2130 3142 herbae,

1272 3164 1437 3192 xxxvn.
1458 3159 1556 3206 744.

1215 3207 1458 3263 Sylvestria
1495 3207 1694 3274 depingit
1730 3223 1834 3252 cum
1867 3221 2015 3250 amore
2041 3207 2132 3251 Lu

1272 3266 1452 3317 cretius,
1474 3266 1624 3310 xxxiii.
1648 3266 1749 3324 673.
1797 3273 1840 3310 et
1861 3265 1946 3309 de
1935 3265 1988 3309 118
2011 3265 2133 3309 ducit

1273 3323 1446 3375 similia,
1469 3323 1570 3381 676.

1215 3381 1443 3438 Syracusae
1473 3397 1499 3425 a
1531 3381 1730 3427 Pindaro
1758 3382 2004 3439 descriptae,
2025 3397 2129 3452 xxv.

1272 3451 1376 3497 505·

1215 3498 1320 3555 Syri
1340 3513 1464 3543 83013
1484 3498 1687 3551 ferentes,
1710 3501 1799 3543 xix.
1822 3510 1924 3557 354.

1642 3617 1695 3661 T.

1547 3676 1740 3719 foeminis
1791 3674 2128 3728 Germanorum,

1592 1746 1646 1790 de
1697 1746 1890 1791 Lucretii
1945 1747 2132 1797 insania,

1219 3674 1393 3741 Tacitus
1442 3674 1495 3718 de

1273 3747 1407 3776 xxvn.
1432 3744 1532 3788 551.

1316 3821 1400 3874 31
