2288 4036
138 245 450 280 pmcnxxw.
613 244 704 278 our
728 226 990 278 AEaoidas
1002 226 1270 295 praecipue
1295 225 1483 278 laudet.
1776 227 1883 278 535

136 377 336 428 mente
386 389 506 445 prae
554 370 784 427 caeteris
829 367 1162 445 gratulatur
1211 368 1504 445 AEginetae
1555 367 1762 424 victori
1820 367 1883 424 in

136 469 413 526 Thebano
440 467 694 542 quodam
725 466 1046 523 certamine
1067 473 1098 513 g
1113 486 1126 523 ε

426 574 560 619 οὕνεκ’
581 572 908 631 Ἀμφιτρύωνος
927 573 1092 632 ἀγλαὸν
1111 574 1229 631 παρὰ
1248 572 1415 630 τύμβον

427 646 632 703 Καδμεῖοί
652 664 715 690 νιν
736 646 811 689 οὐκ
832 644 1025 691 ἀέκοντες
1045 645 1195 690 ἄνθεσι
1214 645 1393 703 μίγνυον

427 719 601 776 Αἰγίνας
622 717 750 761 ἕκατι·
784 718 961 775 φίλοισι
981 719 1065 777 γὰρ
1087 718 1222 776 φίλος
1242 718 1383 762 ἐλθὼν

429 789 568 846 ξένιον
588 790 700 835 ἂστυ
722 789 981 847 κατέδραμεν

422 861 659 919 Ἡρακλέος
680 862 836 915 ὀλβίαν
855 863 965 920 πρὸς
984 861 1132 907 αὐλάν.

134 958 554 1034 Deprehendat
603 958 694 1015 his
742 959 986 1016 fortasse
1036 958 1246 1034 aliquis
1292 956 1540 1032 vestigia
1596 955 1882 1013 nonnulla

130 1056 342 1132 privati
373 1074 605 1130 quoque
644 1055 902 1130 hospitii,
934 1056 1090 1131 quod
1121 1054 1528 1111 intercedebat
1556 1054 1712 1110 inter
1743 1051 1882 1109 Pin-

132 1153 335 1210 darum
366 1160 427 1209 et
465 1153 767 1227 primarios
797 1153 1082 1227 quosdam
1112 1152 1454 1228 AEginetas3
1503 1151 1795 1226 praecipue
1832 1150 1880 1206 si

131 1268 201 1306 ea
250 1249 642 1317 conferantur,
682 1269 810 1324 quae
854 1249 969 1306 alio
1015 1249 1273 1306 carmine
1319 1248 1550 1323 scripsit
1600 1247 1760 1304 idem
1805 1248 1880 1303 de

131 1345 305 1402 domo
348 1346 585 1402 victoris
622 1346 938 1423 AEginetae‚
976 1365 1154 1421 quem
1199 1344 1448 1401 Herculi
1501 1344 1880 1401 commendat

129 1442 293 1499 velut
315 1443 592 1511 vicinum,
612 1442 983 1500 habitantem
1012 1461 1227 1518 nempe
1256 1442 1412 1499 inter
1435 1442 1552 1499 duo
1573 1440 1690 1498 Dei
1719 1439 1879 1497 illius

127 1539 189 1595 in
217 1539 362 1597 urbe
392 1540 695 1617 AEginensi
727 1536 996 1598 sacellah.

421 1647 528 1700 ἐπεὶ,
550 1649 848 1706 τετραόροισιν
869 1646 940 1691 ὥθ’
962 1645 1160 1705 ἁρμάτων
1181 1648 1338 1705 ζυγοῖς,

420 1721 465 1765 ἐν
484 1719 713 1777 τεμένεσσι
735 1720 867 1777 δόμον
888 1721 979 1777 ἕχει
999 1722 1123 1772 τεοῖς,
1145 1720 1394 1778 ἄμφότερας
1415 1719 1489 1763 ἷὼν
1507 1720 1671 1776 χειρός.

128 1814 381 1873 Habetis
415 1816 679 1872 locorum
719 1835 1004 1892 gnarum3
1045 1816 1263 1891 quippe
1307 1815 1582 1889 hospitio,
1612 1820 1681 1871 ut
1712 1814 1876 1888 equi-

126 1913 262 1971 dem
313 1934 580 1991 auguror‚
628 1933 748 1969 non
799 1912 983 1970 semel
1035 1919 1358 1987 exceptum
1408 1911 1649 1969 ibidem.
1741 1910 1876 1979 Quo

123 2011 317 2068 minus
345 2012 575 2078 mirere,
601 2010 742 2085 quid
773 2028 960 2067 causae
990 2009 1187 2077 fuerit,
1219 2010 1375 2084 quod
1406 2008 1698 2085 AEginetis
1727 2008 1876 2064 adeo

124 2108 347 2166 faveret
380 2108 682 2174 Pindarus,
722 2112 789 2162 ut
831 2106 1154 2163 maximam
1191 2106 1543 2182 quandoque
1586 2105 1876 2161 tribueret

123 2207 192 2264 iis
221 2212 448 2282 partem
478 2203 852 2262 nobilissimae
881 2203 1038 2279 apud
1063 2202 1363 2261 Salamina
1391 2222 1630 2280 pugnae:
1672 2203 1759 2259 ita
1788 2209 1876 2259 ta-

123 2321 275 2371 men,
319 2309 388 2359 ut
432 2300 635 2359 sedulo
680 2306 982 2358 amoveret
1027 2301 1420 2376 suspicionem
1463 2299 1654 2358 laudis
1699 2300 1874 2357 nimis

123 2395 470 2457 invidiosaei.

357 2513 426 2556 καὶ
450 2514 524 2556 νῦν
554 2511 599 2556 ἐν
624 2510 743 2568 Ἀρεὶ
768 2510 1039 2569 μαρτυρήσαι
1066 2528 1136 2555 κεν
1161 2512 1290 2556 πόλις
1310 2510 1489 2556 Αἷάντος
1509 2510 1754 2569 ὀρθωθεῖσα
1773 2507 1874 2554 ναύ-
1901 2530 1904 2533 ·

413 2603 505 2630 ταις
525 2584 570 2628 ἐν
591 2583 876 2644 πολυφθόρῳ,
899 2584 1101 2640 Σάλαμις,
1125 2584 1227 2628 Διὸς
1247 2582 1411 2642 ὄμβρῳ,

355 2656 597 2715 ἀναρίθμων
617 2655 783 2713 ἀνδρῶν
802 2654 1058 2713 χαλαζαέντι
1078 2656 1214 2714 φόνῳ·

355 2728 453 2772 ἀλλ’
471 2727 585 2786 ὅμως
605 2726 802 2785 καύχημα
823 2727 1064 2785 κατάβρεχε
1086 2729 1205 2785 σιγᾷ·

356 2801 460 2847 Ζεὺς
479 2800 531 2846 τά
550 2819 598 2846 τε
618 2800 687 2845 καὶ
708 2800 761 2844 τὰ
782 2799 912 2856 νέμει,

357 2873 459 2918 Ζεὺς
479 2874 502 2916 ὁ
521 2871 690 2917 πάντων
710 2871 867 2929 κύριος.

126 2969 318 3026 Immo
349 2969 578 3026 disertis
608 2969 692 3026 ait
721 2967 931 3036 verbis,
962 2965 1149 3024 solere
1179 2984 1346 3023 suam
1377 2965 1638 3033 Musam,
1662 2964 1870 3022 relicto

125 3071 489 3142 argumentO,
539 3065 697 3121 ultro
756 3082 1069 3122 excurrere
1119 3063 1179 3119 in
1236 3062 1440 3120 laudes
1492 3061 1869 3118 AEacidarum

124 3163 371 3238 generis,
421 3181 538 3238 prae
588 3162 819 3219 caeteris
871 3166 1164 3237 quotquot
1213 3178 1475 3234 unquam
1526 3165 1693 3215 erant
1745 3157 1872 3214 He-

125 3275 253 3314 roes
271 3254 299 3290 ¹<
320 3276 332 3314 ε

387 3337 436 3381 τὸ
458 3335 494 3380 δ’
515 3336 617 3394 ἐμὸν
637 3336 713 3380 οὐκ
733 3335 834 3394 ἄτερ
856 3335 1060 3379 Αἰακιδᾶν
1081 3334 1181 3394 κέαρ
1202 3333 1344 3393 ὕμνων
1362 3333 1547 3394 γεύεται.

127 3437 198 3496 Id
227 3446 427 3497 autem
457 3440 682 3516 optimo
710 3438 892 3515 ipsius
920 3438 1043 3496 fato
1074 3438 1300 3497 factum
1329 3438 1508 3495 fuisse
1550 3454 1727 3493 nemo
1767 3455 1870 3492 ne-

186 3556 353 3634 gNem}
376 3606 418 3645 4.
442 3605 513 3649 31.
634 3590 793 3635 thid.
819 3601 859 3648 7·
882 3589 979 3648 136.
1098 3588 1442 3644 i1.s1:12m.4.60.
1559 3587 1776 3640 kaid.4.
1797 3600 1867 3641 24.
