2288 4036
148 294 302 330 PRAEL.
325 291 510 326 xxvm.
589 271 808 324 maxime
833 269 887 322 οό
914 269 1182 322 laudatam
1207 268 1312 337 ejus
1339 269 1586 320 εὐκολίαν.
1795 267 1909 324 569

150 419 383 477 Deinde
427 416 779 492 Eurydicen,
822 413 1131 470 Haemonis
1172 419 1443 476 matrem,
1474 409 1800 466 admiratur
1842 410 1904 464 in

149 513 453 589 Antigone
484 510 713 569 Chorus
733 507 757 545 ἃ
780 528 791 566 :

500 630 544 676 τί
562 630 674 675 τοῦτ’
696 629 748 675 ἂν
769 629 1009 680 εἶκάσειαςς
1043 627 1067 685 ἦ
1089 628 1194 687 γυνὴ
1216 629 1351 672 πάλιν

499 701 685 761 φρούδη,
707 703 810 759 πρὶν
831 701 964 745 εἰπεῖν
985 701 1148 745 ἐσθλὸν
1167 699 1192 756 ἢ
1215 699 1344 743 κακὸν
1362 700 1514 756 λόγον.

149 805 453 863 Postremo
489 803 550 859 in
597 802 876 877 Dejanira
919 820 1157 876 quoque
1201 805 1319 857 non
1364 800 1512 856 alius
1548 799 1711 874 quasi
1756 799 1908 855 ritus

145 901 460 959 adhibetur
490 899 780 956 moriendi
799 908 838 954 e.

497 1018 540 1062 τί
561 1016 653 1077 σῖγ’
675 1016 913 1075 ἀφέρπεις;
946 1015 995 1060 οὗ
1018 1012 1211 1060 'eamme'
1234 1014 1298 1060 ὅθ’
1322 1013 1476 1060 οὕνεκα

497 1092 746 1148 ξυνηγορεῖς
767 1094 942 1147 σιγῶσα
963 1091 1022 1149 τῷ
1045 1091 1296 1148 κατηγόρῳ;

230 1194 511 1262 Fuerunt,
545 1195 646 1270 qui
681 1194 907 1251 incuria
942 1194 1193 1268 quadam
1227 1189 1478 1248 eandem
1524 1209 1650 1248 rem
1695 1190 1915 1266 saepius'

144 1290 442 1358 iterarent,
475 1310 659 1365 quum
705 1298 907 1347 tamen
943 1297 1005 1347 et
1035 1289 1330 1346 variarent
1374 1306 1668 1363 personas,
1702 1294 1764 1343 et
1791 1307 1909 1344 cae-

145 1387 284 1445 teris
314 1387 681 1445 declararent
710 1387 958 1453 indiciis,
990 1386 1100 1443 sibi
1132 1384 1227 1442 vel
1263 1391 1506 1460 propter
1535 1383 1910 1440 abundantes

142 1483 387 1542 affectus
416 1486 678 1542 nativam
710 1482 966 1540 Poeseos
997 1501 1210 1539 venam
1240 1482 1450 1537 inesse.
1538 1477 1610 1535 Id
1642 1479 1801 1554 quod
1831 1480 1905 1536 ad

145 1580 546 1657 Shaksperum
598 1588 886 1649 nostrum,
930 1580 990 1636 ni
1042 1578 1230 1646 fallor,
1282 1576 1575 1653 praecipue
1627 1576 1907 1652 pertinet.

144 1676 264 1735 Sed
309 1697 426 1735 non
470 1678 759 1753 ejusmodi
804 1677 1048 1744 incuria,
1078 1675 1224 1732 mihi
1265 1674 1507 1739 credite,
1539 1673 1767 1730 laborat
1799 1671 1909 1729 So-

143 1772 399 1849 phocles.
489 1772 710 1847 Ecquis
762 1773 1027 1829 omniurn
1077 1791 1251 1829 versu
1302 1769 1651 1828 delicatior?
1704 1770 1907 1845 ecquis

142 1869 359 1927 artifex
391 1868 766 1926 Hellenicam
810 1869 1072 1946 linguam
1106 1869 1410 1944 potentius
1441 1887 1558 1942 quo
1589 1866 1776 1924 vellet
1818 1868 1911 1923 in-

142 1964 351 2022 flexit?
439 1964 670 2024 Verum
716 1964 830 2022 hoc
861 1966 1048 2022 ferme
1078 1966 1197 2022 ritu
1227 1984 1288 2021 se
1318 1983 1443 2022 rem
1475 1964 1751 2021 habuisse
1782 1984 1909 2021 cre-

142 2063 410 2120 diderim.
500 2059 640 2118 Fuit
673 2060 1013 2137 Sophoclea
1047 2069 1115 2118 ut
1144 2060 1398 2136 aequales
1427 2061 1553 2135 ejus
1584 2067 1904 2128 testantur,

142 2160 354 2226 animo,
378 2165 446 2215 ut
470 2159 570 2234 qui
600 2160 876 2226 maxime,
905 2158 1224 2234 tranquillo
1255 2177 1323 2215 ac
1354 2156 1606 2233 placido,
1636 2156 1905 2232 nullique

141 2254 459 2312 admodum
512 2254 607 2312 vel
658 2262 901 2331 propter
955 2275 1016 2312 se
1068 2254 1163 2311 vel
1221 2261 1465 2330 propter
1514 2253 1662 2311 alios
1714 2253 1903 2310 dolori

143 2350 450 2409 obnoxius
523 2351 623 2410 Sic
654 2354 811 2410 enim
843 2352 1112 2428 intelligo
1142 2351 1305 2409 illam
1338 2349 1599 2417 εὐκολίαν,
1624 2369 1741 2424 quo
1772 2357 1907 2406 tan-

142 2465 319 2521 quam
349 2447 628 2522 peculiari
660 2448 955 2523 praeconio
985 2454 1228 2504 ornatur
1257 2447 1414 2523 apud
1435 2445 1903 2522 Aristol-›hanem

143 2542 268 2618 ejus
298 2543 583 2601 memoria
601 2539 650 2602 f:

492 2665 517 2707 ὁ
539 2662 576 2708 δ’
599 2665 776 2709 εὔκολος
795 2663 873 2720 μὲν
893 2662 1049 2715 ἔνθαδ’,
1067 2665 1245 2709 εὔκολος
1266 2661 1304 2707 δ’
1325 2662 1424 2707 ἐκεῖ.

144 2759 370 2819 Mirum
412 2763 614 2839 itaque
644 2765 703 2820 ni
734 2764 793 2820 in
826 2783 896 2821 ea
926 2762 1238 2820 Musarum
1280 2763 1601 2839 provincia,
1631 2764 1691 2820 in
1722 2781 1900 2838 quam

142 2858 361 2915 cadunt
391 2858 727 2917 subtiliores
762 2861 1091 2916 animorum
1124 2858 1330 2925 fleXUS,
1362 2860 1559 2917 minus
1587 2859 1904 2917 commode

144 2963 405 3013 versatus
435 2975 561 3013 esse
587 2957 875 3014 videatur.

229 3051 444 3128 Neque
474 3071 611 3110 vero
642 3054 690 3111 is
720 3072 870 3120 sum,
894 3051 994 3127 qui
1024 3052 1381 3129 negaverim,
1413 3053 1679 3110 omnium
1710 3053 1903 3111 homi-

142 3165 299 3215 num,
331 3148 431 3223 qui
471 3167 590 3205 non
632 3150 706 3206 ad
747 3149 890 3206 talia
932 3148 1106 3224 plane
1150 3151 1269 3206 sint
1312 3149 1577 3215 hebeteS,
1614 3152 1901 3208 acerrime

142 3240 438 3300 interdum
481 3245 703 3301 moveri
739 3244 981 3311 animOS,
1023 3243 1280 3302 lectione
1322 3246 1652 3321 praesertim
1697 3246 1902 3304 lauda-

143 3339 351 3397 tissimi
402 3341 558 3399 illius
602 3341 928 3418 OEdipodis.
1017 3340 1248 3400 Verum
1292 3343 1406 3401 hoc
1448 3344 1574 3400 fieri
1619 3344 1898 3400 existimo

143 3453 259 3492 non
311 3443 434 3494 tam
485 3437 703 3495 affectu
753 3437 950 3513 aliquo
999 3438 1457 3508 vehementiore,
1502 3459 1620 3515 quo
1668 3446 1899 3497 actores

256 3608 281 3640 (ἱ
300 3610 405 3654 Ant.
435 3611 561 3669 1258.
878 3621 899 3646 θ
925 3615 1080 3659 ΤναοῙι.
1105 3616 1207 3660 826.
1527 3614 1544 3646 f
1564 3615 1680 3659 Rau.
1702 3617 1776 3659 82⁷.
