2288 4036
338 176 448 232 634
688 179 989 251 Viryiliana
1014 179 1096 233 vel
1122 179 1441 233 Christianis
1454 179 1731 250 profuisse.
1810 198 2138 234 PRAEL.xxx1.

336 329 671 387 autumno?
747 328 863 386 Cui
904 347 1026 385 non
1066 328 1343 406 ‘omnium
1390 335 1681 397 nostrum,
1727 329 1830 405 qui
1876 330 2056 387 modo
2101 348 2135 387 e

333 430 533 505 pueris
565 428 842 497 excessit,
876 426 1171 485 familiare
1203 427 1380 484 nimis
1411 426 1561 484 illud
1596 426 1857 506 Virgilii,

579 592 837 639 Ostendent
858 592 990 638 terris
1011 592 1137 637 hunc
1158 599 1338 638 tantum
1359 592 1465 647 fata,
1488 608 1636 653 neque
1656 594 1776 638 ultra

576 666 691 712 Esse
715 667 895 711 sinent?

418 813 622 883 Quare
674 813 824 872 illud
875 814 1121 892 quidem
1174 815 1402 873 nemini
1456 816 1534 875 sit
1586 816 1955 887 incredibile,
2003 816 2131 876 fieri

328 914 599 991 potuisse
647 921 718 971 ut
769 913 969 973 Musis
1006 914 1373 993 VirgilianiS,
1420 917 1601 974 modo
1639 917 1769 993 jam
1822 917 1885 974 in
1933 916 2134 976 lucem

330 1015 574 1081 vocatis,
609 1014 1123 1091 supersedendum
1168 1015 1342 1086 foret,
1386 1025 1625 1094 reperto
1656 1015 1941 1074 videlicet
1972 1017 2133 1093 quod

328 1120 392 1172 et
423 1113 641 1172 melius
668 1124 906 1172 curaret
930 1121 993 1172 et
1018 1115 1258 1174 suavius
1284 1116 1558 1174 reficeret
1588 1115 1882 1174 homines.
1946 1115 2132 1174 Porro

329 1215 461 1292 quis
513 1215 644 1283 scit,
699 1234 774 1272 an
833 1214 1082 1273 consilio
1134 1214 1455 1292 plusquam
1509 1216 1774 1274 humano
1826 1216 2131 1293 provisum

327 1313 512 1371 fuerit
550 1313 722 1371 nobis
754 1333 1011 1391 quoque,
1046 1322 1256 1373 contra
1285 1316 1562 1373 inertiam
1597 1323 1660 1374 et
1690 1315 1909 1395 ingrati
1947 1315 2132 1373 animi

327 1413 722 1492 languorem?
789 1434 866 1472 ne
915 1434 1153 1493 semper
1201 1416 1532 1493 jaceamUS,
1587 1415 1790 1473 divino
1839 1415 2133 1473 beneficio

325 1514 578 1592 indigni.
670 1514 955 1573 Profecto
996 1535 1187 1594 genus
1232 1514 1381 1574 illud
1418 1515 1676 1574 Poeseos
1710 1514 2032 1573 umbratile
2062 1534 2133 1573 ac

327 1620 623 1683 tenerum,
671 1622 734 1673 et
786 1614 1155 1673 latebrarum
1201 1635 1270 1673 ac
1316 1615 1576 1693 perfugii
1621 1633 1846 1683 amanS,
1892 1620 2134 1692 poterat

326 1713 492 1773 omui
525 1721 799 1792 tempore
831 1734 961 1773 esse
992 1715 1361 1784 testimoni0,
1395 1734 1576 1791 quam
1617 1733 1830 1791 parum
1870 1713 1981 1771 sibi
2014 1713 2134 1772 suf-

324 1813 488 1871 ficiat
529 1814 879 1872 mortalium
917 1834 1107 1883 mens,
1140 1815 1265 1873 sive
1296 1816 1370 1873 ad
1404 1815 1651 1893 negotia
1695 1833 1758 1872 se
1803 1813 2133 1873 intenderit

326 1932 432 1972 seu
474 1915 549 1972 ad
596 1914 1057 1992 philosophiam.
1150 1914 1402 1973 Poterat
1448 1934 1728 1974 accusare
1774 1933 1985 1972 eorum
2031 1915 2134 1972 de-

323 2015 636 2081 mentiam,
686 2013 790 2090 qui
844 2013 1067 2091 paratis
1115 2012 1455 2072 caelestibus
1508 2021 1572 2071 et
1627 2013 1824 2082 certis,
1879 2012 2133 2072 mallent

325 2114 556 2175 haerere
600 2115 662 2172 in
704 2115 901 2172 dubiis
933 2121 995 2172 et
1026 2115 1298 2173 terrenis.
1389 2114 1640 2173 Poterat
1672 2113 1932 2191 denique
1962 2121 2134 2173 tene-

324 2214 579 2273 rioribus
612 2233 741 2273 esse
773 2214 1008 2284 solati0‚
1028 2214 1296 2291 vitioque
1322 2222 1384 2273 et
1412 2235 1610 2273 errore
1643 2214 1829 2272 fessos
1860 2214 2132 2273 imbuere

325 2314 642 2392 paullatim
675 2314 931 2372 castiore
964 2313 1297 2391 disciplina.

414 2413 693 2482 Habetis,
726 2434 833 2472 cur
872 2413 1062 2471 nolim
1110 2415 1388 2491 ineptum
1430 2413 1647 2491 putari,
1680 2414 1725 2471 si
1759 2413 1893 2490 quis
1924 2413 2132 2471 existi-

323 2521 469 2584 met,
501 2534 621 2572 non
656 2515 783 2572 sine
815 2514 1088 2572 Numine
1133 2514 1424 2591 prodiisse
1464 2514 1526 2570 in
1576 2513 1795 2582 lucem,
1826 2511 1932 2569 illo
1963 2532 2132 2572 max-

323 2614 445 2673 ime
501 2620 792 2691 tempore,
845 2613 1200 2671 Lucretium
1253 2613 1466 2690 prim0,
1514 2613 1732 2671 deinde
1779 2611 2127 2689 Virgilium,

323 2713 623 2791 principes
648 2713 1096 2790 quodammodo
1123 2732 1298 2770 novae
1325 2711 1651 2770 Poetarum
1677 2709 1937 2769 familiae.
2009 2710 2129 2768 Ac-

323 2814 505 2882 cedit,
560 2813 722 2890 quod
774 2813 1089 2888 utriusque
1143 2811 1307 2888 operi
1359 2812 1567 2869 aderat
1620 2810 1790 2887 quasi
1843 2816 2131 2887 congesta

322 2914 638 2971 materies:
686 2932 808 2970 non
855 2911 916 2968 in
960 2931 1149 2970 vacua
1193 2930 1434 2988 prorsus
1470 2919 1798 2979 venerunt3
1845 2909 2129 2986 perstrin-

322 3019 497 3071 xerat
531 3013 898 3089 jampridem
947 3010 1161 3079 solum,
1195 3011 1492 3087 viamque,
1524 3016 1594 3067 ut
1633 3009 1720 3067 ita
1751 3009 1965 3077 dicam,
1998 3028 2130 3066 mu-

322 3112 577 3182 niverat,
608 3111 749 3169 huic
783 3109 1203 3187 Empedocles,
1236 3108 1323 3167 illi
1355 3109 1729 3167 Theocritus

409 3209 507 3268 Ac
559 3212 634 3268 de
692 3210 1065 3287 Empedocle
1118 3210 1364 3286 quidem
1414 3209 1717 3285 jejuniora
1776 3215 1934 3275 sunt,
1988 3226 2126 3283 quae

321 3317 653 3377 narrantur,
712 3329 892 3386 quam
955 3316 1024 3367 ut
1083 3309 1232 3367 certi
1293 3307 1520 3388 aliquid
1582 3308 1659 3366 de
1717 3325 1939 3386 genere
1998 3306 2126 3382 ejus

320 3409 619 3467 scribendi
667 3415 934 3467 statuere
982 3409 1193 3467 ausim.
1284 3406 1652 3466 Aristoteles
1697 3412 1880 3484 negat
1926 3404 2031 3473 illi,
2077 3403 2124 3462 si

320 3527 602 3567 numeros
630 3509 912 3585 excipias,
939 3509 1262 3585 quicquam
1288 3507 1470 3566 fuisse
1495 3525 1634 3565 cum
1662 3505 1935 3564 Homero
1963 3523 2124 3562 com-
