2288 4036
278 175 388 226 808
664 175 857 227 Poesz‘n
872 187 1209 245 prceparasse
1237 174 1524 244 Theoloyioe
1550 175 1709 238 viam,
1826 193 2083 228 PRAEL.XL-

282 321 738 397 carminumque
769 321 921 379 serie
953 321 1116 396 prius
1147 321 1520 398 fingerentur
1556 321 1871 378 hominurn
1903 322 2088 379 animi

282 420 356 477 ad
391 426 647 477 ventura
678 420 985 497 sapientiae
1027 427 1089 478 et
1136 420 1425 478 bonitatis
1466 420 1881 478 incrementa?
1941 418 2091 478 Om-

281 520 425 576 nino
469 520 722 577 miretur
764 518 998 596 aliquiS,
1032 527 1231 577 tantas
1264 518 1534 578 Poeticae
1565 519 1749 577 tribui
1796 525 1996 596 partes
2027 521 2089 577 in

284 618 520 676 Divinis
553 619 897 695 sanctisque
932 618 1148 677 Libris,
1216 618 1458 696 Quippe
1489 619 1773 686 carmine,
1803 620 1865 677 ni
1897 618 2086 687 fallor,

281 726 642 795 conceptum
671 726 763 776 est
788 718 1108 776 dimidium
1136 719 1327 776 ferme
1358 719 1548 776 totius
1572 717 1932 776 sacrosancti
1959 715 2092 775 Vo-

282 816 546 875 luminis.
641 816 843 874 Etiam
880 816 1000 884 illa,
1033 836 1164 892 quae
1209 816 1476 873 numeris
1507 823 1734 884 carent,
1766 815 2085 872 Poeticun}

282 916 583 991 quendam
607 935 726 992 prae
746 935 810 974 se
830 916 1034 974 ferunt
1056 935 1329 992 saporem
1352 935 1367 984 ;
1407 916 1532 973 sive
1551 921 1797 973 narrent
1817 914 2089 973 fortunas

281 1022 344 1073 et
386 1015 548 1073 facta
595 1016 947 1092 priscorum,
979 1016 1309 1093 agrestium
1354 1015 1704 1092 praesertim,
1736 1021 1800 1072 et
1830 1013 2088 1091 simplici

281 1114 518 1171 vivendi
565 1134 788 1192 genere
834 1115 1178 1183 utentium;
1230 1115 1355 1172 sive
1405 1115 1467 1171 in
1509 1114 1738 1171 arcanis
1775 1121 2095 1171 versentur

279 1214 681 1282 victimarum,
714 1213 1051 1290 epularum,
1085 1214 1316 1271 dierum
1351 1214 1529 1282 notiS,
1563 1213 1919 1289 caeterisque
1951 1232 2087 1288 quae

279 1311 353 1367 ad
395 1309 626 1388 Legem
677 1309 1015 1368 Mosaicam
1062 1311 1389 1387 pertinent.
1482 1309 1760 1387 Utraque
1805 1311 2087 1370 videlicet

277 1410 339 1466 in
390 1410 646 1468 materie
695 1429 934 1486 semper
981 1429 1045 1467 se
1089 1408 1470 1468 delectarunt
1515 1410 1574 1478 ii,
1617 1410 1718 1486 qui
1768 1409 2086 1468 Musarum

274 1510 621 1567 amicissimi
683 1509 1081 1567 habebantur.
1174 1509 1274 1567 Ex
1326 1529 1446 1585 quo
1505 1511 1650 1567 satis
1708 1509 2085 1587 intelligitur,

279 1611 706 1687 cognationem
739 1610 1002 1685 aliquam
1042 1610 1420 1667 intercedere
1451 1629 1658 1667 earum
1691 1627 1909 1677 rerum,
1941 1628 2092 1686 quas

274 1709 547 1767 adhiberi
600 1709 794 1767 voluit
842 1709 1022 1767 DEUS
1074 1709 1150 1767 ad
1203 1716 1558 1785 apparatum
1614 1707 1929 1786 Evangelii
1977 1710 2087 1777 sui,

275 1828 409 1865 cum
460 1808 663 1867 indole
699 1807 942 1866 illorum
990 1809 1256 1866 maxime
1297 1808 1632 1874 hominum,
1666 1827 1815 1885 quos
1845 1809 2088 1867 honoris

275 1928 454 1967 causa
489 1908 582 1966 vel
618 1908 839 1967 Poetas
870 1908 1181 1985 appellant
1208 1908 1302 1966 vel
1338 1908 1667 1967 Poetarum
1697 1915 1861 1966 certe
1892 1908 2086 1967 alum—

274 2028 402 2066 nos.
473 2008 697 2086 Neque
728 2009 787 2066 id
821 2009 1164 2079 immerit03
1208 2009 1515 2086 quoniam,
1541 2009 1741 2078 cred0‚
1763 2009 2090 2085 utrobique

272 2109 331 2165 id
388 2108 764 2185 praecipuum
822 2116 884 2166 et
937 2109 1246 2186 proprium
1293 2115 1404 2176 est,
1450 2115 1520 2166 ut
1575 2128 1747 2167 mens
1793 2109 2087 2168 desiderio

273 2226 511 2283 semper
554 2207 615 2263 in
663 2206 951 2264 ulteriora
982 2208 1256 2283 quaedam
1290 2207 1549 2264 feratur:
1601 2215 1671 2265 ut
1702 2228 1807 2285 spe
1837 2207 2088 2266 meliora

271 2307 535 2383 arripiat,
581 2306 815 2364 omissis
861 2307 949 2375 iis,
983 2327 1115 2383 quae
1157 2326 1360 2365 coram
1407 2316 1550 2365 ante
1595 2306 1802 2365 oculos
1847 2308 2086 2366 adsunt.

274 2405 439 2464 Nam
486 2414 549 2464 et
586 2406 625 2464 J
631 2407 784 2464 udaei
832 2426 1072 2483 semper
1115 2406 1559 2484 intelligebant,
1602 2408 2084 2484 prospiciendum

272 2506 383 2564 sibi
417 2526 547 2565 esse
579 2508 654 2565 ad
687 2508 977 2584 majorem
1028 2526 1228 2564 rerum
1263 2507 1575 2577 ordinem;
1622 2516 1685 2565 et
1715 2508 1776 2565 in
1808 2508 2088 2567 universa

275 2604 468 2674 Poesi‚
502 2607 605 2683 qui
644 2613 959 2683 nequeunt
1005 2614 1359 2675 monstrare,
1392 2608 1664 2665 sentiunt
1702 2613 1907 2666 tamen
1940 2609 2089 2666 taci—

274 2711 400 2762 tam
454 2705 717 2781 aliquam
767 2705 1269 2783 significationem
1322 2706 1694 2782 imperfectae
1738 2707 1883 2783 spei‚
1916 2708 2082 2783 quasi

273 2823 381 2881 per
419 2812 612 2863 totam
660 2806 843 2862 vitam
879 2805 1263 2881 “pendeant”
1295 2806 1408 2863 sibi
1441 2813 1668 2882 “opera
1695 2805 2086 2884 interrupta,''

274 2904 570 2963 diviniora
614 2924 797 2981 quam
844 2925 977 2981 quae
1025 2905 1136 2982 ipsi
1187 2904 1365 2964 facile
1417 2906 1677 2983 capiant.
1786 2905 2088 2976 Quocirca

273 3023 393 3061 non
439 3024 560 3061 uno
604 3005 785 3062 modo
833 3006 1187 3063 crediderim
1229 3003 1629 3064 Hebraeorum
1664 3005 1860 3066 Vates
1905 3025 2087 3083 appa-

274 3122 433 3161 rasse
468 3105 589 3161 suis
621 3105 738 3161 iter
768 3105 843 3162 ad
877 3123 1072 3163 seram
1104 3104 1271 3163 illam
1304 3112 1698 3182 sanctamque
1719 3105 2084 3165 Veritatem.

276 3201 505 3259 Praeter
537 3205 698 3259 enim
726 3223 798 3260 ea
823 3224 960 3280 quae
994 3203 1191 3262 verbis
1222 3212 1430 3280 aperte
1463 3204 1783 3273 docebant,
1803 3211 2088 3282 expecta-

277 3303 444 3359 tione
475 3303 732 3377 quadam
773 3322 880 3360 sua
916 3311 1167 3380 gentem
1213 3304 1565 3361 imbuerunt
1604 3303 1963 3371 universam,
1995 3311 2086 3361 at-

274 3419 391 3475 que
429 3400 504 3457 ad
548 3399 940 3459 divinandum
976 3402 1366 3479 impulerunt,
1404 3402 1498 3461 vel
1537 3422 1684 3461 sono
1725 3402 1831 3461 illo
1864 3402 2083 3461 Poeta-

275 3519 407 3556 rum
442 3500 701 3575 propriO,
726 3520 908 3575 quem
941 3521 1179 3577 semper
1211 3502 1464 3560 oraculis
1496 3504 1616 3560 suis
1653 3502 2043 3561 adhibebant.

361 3598 542 3666 Quod
576 3599 622 3656 si
656 3598 695 3656 J
701 3600 1015 3658 udaeorum
1063 3603 1293 3659 animos
1327 3603 1400 3659 ad
1436 3604 1752 3660 veritatem
1792 3602 2081 3678 recipien-
