2288 4036
64 122 70 142 ’
150 152 306 187 PRAEL.
327 151 457 185 xxn.
618 132 759 202 cujus
785 132 943 184 locum
968 133 1213 185 Minerva
1236 139 1414 184 teneat.
1797 135 1900 186 431

149 262 296 341 rum,
322 294 471 349 quos
496 294 601 332 suo
631 294 927 350 quemque
956 276 1160 332 ordine
1192 282 1507 333 veneratur
1530 274 1761 352 Pythia,
1788 297 1904 353 quo

149 372 278 429 loco
320 391 390 427 ea
418 370 602 428 veluti
644 372 981 447 auspicatur
1009 371 1161 430 hanc
1191 372 1579 448 Tragoediam.
1665 371 1905 450 Nempe

151 469 428 527 ultimum
459 476 749 528 memorat

736 604 905 649 τέλειον
924 603 1120 663 ὕψιστον
1141 605 1222 648 Δία
1229 604 1258 648 f.

149 714 381 771 Deinde
411 714 651 789 Apelle,
682 715 791 772 etsi
824 715 1122 771 neminem
1160 713 1421 790 appellet
1456 714 1715 780 nomine,
1746 711 1904 770 haud

147 818 348 868 tamen
392 811 638 868 obscure
682 811 988 888 significat,
1035 831 1161 869 esse
1201 812 1301 887 qui
1343 812 1521 868 etiam
1569 810 1754 885 possit
1801 809 1906 867 ali-

147 908 380 982 quando
426 909 714 967 rationem
759 916 1028 986 repetere
1067 909 1317 987 hospitis
1361 907 1636 986 neglecti,
1682 907 1903 965 nedum

146 1004 409 1078 perditig
429 1023 441 1063 ε

618 1125 693 1169 τὸν
715 1124 867 1181 ἱκέτην,
888 1125 1047 1184 inquit,
1068 1124 1268 1183 ῥύσομαι·

500 1196 613 1252 δεινὴ
634 1197 718 1255 γὰρ
741 1197 786 1241 ἐν
804 1199 1007 1255 βροτοῖσι
1029 1197 1104 1241 κάν
1125 1198 1240 1243 θεοῖς
1258 1196 1385 1241 πέλει

500 1272 576 1313 τοῦ
596 1270 923 1327 προστροπαίου
943 1272 1078 1327 μῆνις,
1101 1270 1138 1313 εἶ
1157 1270 1304 1328 προδῶ
1327 1268 1408 1328 σφ’
1433 1270 1551 1314 ἑκών.

149 1404 449 1462 Profunda
495 1423 633 1461 sane
687 1405 998 1472 sententia,
1045 1424 1294 1480 quaeque
1341 1405 1612 1461 videatur
1655 1404 1903 1460 derivari

147 1503 221 1558 ab
256 1501 579 1558 excelsiore
619 1502 871 1576 quadam
912 1501 1314 1577 philosophia:
1359 1501 1626 1558 Deorum
1668 1520 1904 1575 quoque

147 1598 469 1655 caelestium
517 1599 958 1664 commercium,
1012 1598 1106 1655 vel
1158 1599 1314 1654 inter
1363 1617 1424 1654 se
1468 1598 1563 1653 vel
1615 1616 1752 1653 cum
1800 1596 1905 1653 ho-

145 1696 418 1761 minibus,
450 1695 582 1772 lege
613 1696 865 1770 quadam
906 1695 1193 1754 contineri
1223 1715 1290 1752 ac
1323 1695 1529 1771 dirigi3
1576 1696 1633 1751 id
1667 1701 1775 1762 est,
1807 1693 1903 1770 (ut

145 1811 282 1848 cum
324 1791 607 1847 Cicerone
647 1791 876 1866 loquar)
926 1810 1157 1848 summa
1198 1792 1444 1860 ratione,
1486 1811 1620 1868 quae
1660 1810 1797 1847 cum
1841 1791 1903 1846 in

143 1895 353 1944 natura
396 1887 471 1944 sit
515 1887 704 1954 insita,
740 1888 953 1962 jubeat
994 1907 1064 1944 ea
1092 1907 1222 1964 quae
1261 1888 1530 1946 facienda
1573 1894 1726 1953 sunt,
1770 1906 1903 1962 pro-

143 1984 462 2059 hibeatque
523 1985 829 2041 contraria.
928 1985 1080 2053 Quae
1132 1984 1232 2043 lex
1282 1985 1561 2060 quoniam
1618 2003 1737 2040 non
1789 1984 1902 2040 erit

144 2081 349 2147 inanis,
392 2100 585 2155 neque
629 2088 878 2148 mortua,
925 2081 1215 2157 significat
1245 2080 1483 2156 Apollo,
1517 2082 1627 2138 sibi
1668 2100 1903 2158 quoque

144 2177 290 2234 iram
322 2177 524 2234 violati
569 2177 846 2253 supplicis
885 2178 1318 2235 formidandam
1355 2178 1498 2235 fore.
1587 2177 1747 2245 Quid
1776 2176 1902 2234 ita?

147 2273 302 2341 Quia
365 2275 603 2349 respicit-
661 2281 723 2331 et
788 2274 889 2331 ille
954 2275 1239 2349 majorem
1308 2275 1572 2350 imperiO,
1633 2280 1902 2349 tempore

146 2369 417 2444 priorem,
450 2368 667 2428 Deum.

227 2464 366 2522 Jam
410 2485 564 2532 vero,
608 2485 683 2522 ex
722 2484 839 2540 quo
883 2466 1139 2541 primum
1187 2466 1516 2542 ingreditur
1557 2466 1618 2520 in
1663 2482 1901 2521 scenam

147 2560 436 2629 Minerva,
485 2563 874 2638 agnoscimus,
920 2563 980 2618 ni
1041 2561 1227 2628 fallor,
1286 2563 1551 2636 propiam
1606 2562 1903 2635 quandam

145 2659 519 2730 praesentiam
551 2658 781 2735 Optimi
812 2657 981 2714 Illius
1023 2665 1202 2732 atque
1234 2657 1508 2715 Maximi.
1598 2656 1902 2715 Sentimus

147 2753 349 2809 adesse
385 2755 784 2830 augustiorem
823 2753 995 2829 plane
1035 2773 1360 2829 personam,
1391 2763 1586 2828 atque,
1617 2761 1686 2809 ut
1717 2754 1901 2810 semel

148 2849 354 2915 dicam,
380 2850 766 2909 Diviniorem.
858 2850 1170 2926 Nusquam
1199 2850 1302 2908 illa
1331 2852 1723 2918 convitiatum
1770 2850 1902 2907 nul-

147 2944 218 3001 lis
253 2946 461 3014 utitur,
499 2966 574 3003 ne
615 2947 968 3022 disputando
999 2948 1256 3022 quidem,
1293 2948 1721 3004 sententiarum
1765 2967 1901 3004 acu-

147 3041 288 3110 leis3
332 3042 595 3117 loquitur
625 3062 894 3101 sermone
922 3044 1241 3120 tranquillo
1271 3063 1505 3120 prorsus
1535 3063 1603 3101 ac
1633 3043 1897 3119 placido:

147 3139 364 3213 quippe
394 3159 521 3213 quae
564 3159 680 3215 prae
724 3159 786 3197 se
829 3141 980 3201 ferat
1025 3148 1304 3200 aeternam
1347 3140 1579 3199 Summi
1619 3140 1900 3198 Numinis

150 3233 531 3309 Sapientiam.

384 3412 397 3437 c
421 3413 549 3459 Eum.
575 3416 643 3458 28.
1372 3425 1395 3455 g
1426 3416 1538 3460 Ibid.
1562 3430 1661 3473 232.
