2288 4036
1063 226 1423 279 INDEX.

326 350 384 393 xi.
419 350 515 407 183.
547 351 696 394 xxxvi.
726 360 824 407 732.
864 350 1026 394 virtute
1061 351 1184 393 omni

325 423 417 451 non
450 415 580 460 caret,
622 409 712 452 xiii.
752 422 852 452 211.
904 408 1046 453 caedes
1087 408 1182 465 ejus

326 482 406 509 cur
453 467 567 511 facta
612 467 668 510 sit
715 467 990 518 miserabilis,
1032 467 1181 510 xxxvi.

327 535 428 581 732·

266 582 315 625 τὸ
338 584 506 640 Μιαρὸν
530 584 600 627 vel
623 584 670 626 in
698 583 944 626 matricidio
967 583 1095 626 vitari
1126 583 1181 627 ab

325 641 557 699 AEschylo,
589 642 679 685 xxi.
712 656 814 698 403.
848 640 1073 699 quomodo
1109 642 1180 685 fu-

324 700 437 756 gerit
452 700 700 751 Lucretius,
717 701 866 743 xxxiv.
884 699 985 758 696.
1012 699 1180 743 AEneas

325 773 429 801 cum
487 758 679 810 Didone,
746 759 841 817 ejus
911 759 1180 814 exemplum,

322 818 472 860 xxxvi.
497 828 597 874 724.

265 874 462 918 Michael
494 876 695 931 Anyelus,
732 875 827 932 ejus
870 874 1054 925 dictum,
1091 874 1179 917 xvi.

326 943 426 990 277.
480 934 799 978 cantilenarum
839 939 1007 984 auctor,
1060 933 1179 976 xxiv.

264 1049 472 1093 Mickaiae
492 1049 645 1102 ironia,
668 1066 710 1094 v.
729 1061 798 1107 70.

265 1108 485 1151 Militaris
546 1108 671 1166 vulgi
732 1107 944 1166 grandior
999 1107 1181 1166 quidam

325 1181 484 1219 sermo,
518 1167 578 1211 ix.
610 1181 706 1224 129.
750 1167 904 1224 gloriae
936 1181 1029 1210 non
1065 1181 1180 1210 sem-

321 1239 426 1326 pgr·
445 1225 566 1283 apud
617 1225 789 1284 AEsch)
778 1227 887 1269 lum
937 1225 1063 1277 ratio,
1104 1240 1178 1268 xx.

262 1341 434 1385 Milites
470 1349 747 1386 senescentes
780 1341 1091 1394 defervescere,
1118 1342 1177 1385 xi.

327 1411 425 1457 171.

262 1458 433 1501 Militia
476 1458 716 1503 Homerica
755 1459 1038 1517 componitur
1077 1472 1181 1501 cum

324 1516 583 1574 Virgiliana,
616 1517 690 1561 vii.
722 1533 794 1575 91.
840 1518 1027 1562 varietas
1069 1517 1180 1574 ejus,

321 1575 427 1618 ibid.
459 1576 652 1632 peritum
673 1575 878 1628 declarat,
895 1577 954 1620 ix.
982 1589 1080 1634 132.

262 1634 487 1677 Miltiadis
505 1641 687 1691 tropaea,
708 1636 797 1679 xvi.
822 1646 922 1694 277.

262 1692 444 1735 Miltoni
484 1693 619 1737 verba
658 1701 903 1750 ponuntur,
945 1693 1033 1736 xiv.
1078 1691 1179 1735 226.

321 1758 637 1818 comparantur
661 1767 766 1795 cum
788 1752 1054 1802 Homericis,
1078 1765 1179 1807 243.

322 1809 418 1866 ejus
456 1809 620 1862 schola,
654 1811 743 1854 xvi.
775 1821 875 1869 279.
910 1811 964 1854 de
994 1809 1182 1853 luscinia

315 1867 553 1924 judicium,
582 1869 671 1912 xix.
694 1883 797 1926 341.
831 1868 1036 1927 Lycidas,
1069 1882 1180 1926 quo-

321 1925 458 1969 modo
478 1928 661 1983 placeat,
683 1928 803 1972 xxiv.
825 1938 928 1985 471.

263 1984 456 2027 Mincius
484 1985 680 2052 Virgilio
696 1987 818 2030 velut
845 1986 1069 2043 exemplar
1095 1984 1179 2028 flu-

322 2043 511 2094 minum,
533 2044 713 2088 xxxviii.
731 2055 830 2102 771.

262 2101 466 2144 Minerva
488 2102 689 2145 Mentem
710 2103 941 2154 simulans,
963 2102 1053 2145 xiii.
1077 2115 1178 2144 212.

322 2159 499 2225 Ulyssis
537 2161 853 2217 supellectilem
885 2159 1179 2211 abscondens,

319 2217 408 2261 xiv.
444 2232 545 2276 2.33
583 2220 678 2276 ejus
714 2220 914 2270 consilio,
950 2225 1181 2262 tentantur

318 2277 455 2332 proci,
490 2276 590 2334 236.
622 2278 944 2334 rempublicam
976 2277 1179 2320 Ithacen-

319 2349 414 2378 sem
447 2335 532 2379 sub
565 2336 652 2379 fine
676 2336 907 2402 Odysseiae
940 2335 1182 2402 componit,

324 2408 397 2436 xv.
423 2404 522 2448 252.
554 2409 633 2451 per
657 2410 755 2438 03111
785 2410 935 2437 01111113
962 2395 1010 2437 111
1033 2393 1182 2460 Odys-

324 2452 415 2495 seia
441 2453 549 2510 geri,
577 2464 678 2510 253.
710 2453 843 2496 etiam
866 2452 1181 2503 minutissima,

326 2521 427 2566 254.
464 2511 609 2555 tribus
651 2526 702 2554 ea
742 2510 888 2554 modis
931 2525 977 2554 se
1017 2510 1182 2567 prodit,

324 2579 425 2626 257.
460 2569 581 2612 Deos
611 2569 718 2613 Fato
747 2569 962 2626 subjicere
991 2568 1181 2620 videtur,

323 2626 425 2670 260.
457 2627 569 2671 ratio
596 2628 691 2685 ejus
723 2642 982 2671 sermonum
1015 2627 1063 2669 in
1096 2627 1183 2670 fine

324 2685 642 2737 Eumenidum,
671 2686 777 2729 xxii.
805 2685 907 2741 146
939 2700 1182 2742 repraesen-

322 2744 407 2787 tari
433 2744 488 2787 ab
520 2759 570 2787 ea
601 2744 793 2795 Ρ3110111,
822 2759 923 2802 431.
956 2743 1183 2810 quomodo

323 2803 372 2845 in
405 2817 584 2846 scenam
614 2778 848 2854 deferatur,
880 2816 982 2860 432.
1028 2817 1109 2846 cur
1136 2802 1183 2845 in

325 2875 375 2904 ea
398 2876 446 2904 re
473 2861 681 2905 foemineo
711 2861 872 2905 affectu
899 2867 1055 2912 careat,
1079 2870 1180 2917 435.

319 2918 546 2976 Erinnyas
588 2920 807 2971 conciliat,
840 2920 941 2986 436.
987 2919 1181 2962 Bellero-

324 2977 483 3033 phonti
504 2992 735 3034 apparens,
759 2978 894 3022 xxvii.
913 2988 1014 3035 557.

264 3036 452 3136 Minimg
473 3051 554 3079 cur
578 3036 734 3080 sedulo
762 3043 909 3080 narret
941 3036 1183 3087 Homerus,

325 3110 369 3137 x.
389 3108 408 3137 1
478 3128 487 3137 .

266 3105 521 3254 Μισέῐλσὸγος
569 3152 690 3210 apud
734 3152 980 3204 Platonem,
1033 3152 1182 3195 xxxix.

264 3221 474 3324 Milford,
517 3269 612 3327 ejus
651 3269 786 3313 verba
829 3276 1074 3325 ponuntur,
1109 3268 1183 3312 xii.

326 3337 426 3381 205.
459 3328 554 3385 ejus
591 3328 740 3384 opinio
782 3327 837 3370 de
879 3327 1030 3370 Iliadis
1071 3334 1183 3371 tem-

324 3400 446 3442 pore,
467 3386 557 3429 xvi.
582 3386 683 3440 265.
718 3385 772 3429 de
795 3385 940 3429 Persis
963 3385 1182 3443 AEschyli,

327 3459 431 3487 xvu.
456 3444 555 3501 298.

267 3502 498 3545 Mobilitas
533 3501 726 3545 materiae
757 3501 877 3559 apud
910 3500 1184 3554 Lucretium,

319 3561 464 3603 xxxii.
487 3559 589 3613 656,
613 3559 714 3617 657.

269 3618 489 3661 Modestia
510 3618 761 3669 Poetarum,
784 3634 826 3662 v.
849 3617 1041 3676 64-71,
1072 3634 1184 3675 prae-

326 3677 481 3720 sertim
503 3676 710 3728 Lucretii,
733 3676 867 3720 xxxii.
892 3676 992 3719 661.

2073 229 2182 283 839

1267 349 1421 392 Moore
1446 348 1657 400 Thomas,
1693 364 1870 393 carmen
1898 350 2005 408 ejus,
2031 350 2185 394 Latine

1327 406 1567 459 redditum,
1589 407 1647 451 iv.
1672 419 1744 464 52.

1266 465 1546 508 Morientium
1574 466 1775 510 fortunas
1805 481 1884 509 cur
1911 474 2058 509 narret
2079 466 2182 510 Vir-

1325 524 1474 580 gilius,
1495 525 1644 567 xxxvi.
1669 535 1776 602 733.

1267 582 1579 625 “Mortalibus
1600 581 1759 639 rearis?
1763 583 1979 626 ’solenne
1995 582 2183 639 Virgilio

1325 640 1509 692 dictum,
1542 641 1768 708 quomodo
1800 641 1937 684 ferme
1969 648 2182 697 tempere-

1324 706 1412 749 tur,
1435 700 1614 742 xxxviii.
1640 699 1738 757 763.

1265 732 1491 859 Mularigm
1520 759 1720 802 incessus
1761 757 1881 816 apud
1919 757 2182 812 Homerum,

1323 831 1352 857 x
1395 830 1413 858 1
1449 827 1476 873 5

1264 874 1498 916 Mulierum
1538 889 1708 918 amores
1749 875 1805 918 ab
1840 875 2057 942 AEschylo
2093 890 2186 919 non

1325 933 1463 989 tangi,
1482 933 1601 975 xxiii.
1621 947 1722 990 439.
1754 934 1944 990 propriae
1965 950 2116 978 earum
2137 935 2185 977 111

1325 989 1614 1047 Supplicibus
1637 991 1806 1044 laudes,
1820 1003 1922 1049 452.
1944 1000 2096 1037 tenera
2117 1007 2184 1036 er-

1323 1063 1381 1106 ga
1402 1049 1593 1106 pecudes
1615 1050 1800 1102 indoles,
1824 1062 1925 1108 457.
1960 1051 2186 1110 quomodo

1324 1108 1493 1164 precari
1525 1107 1726 1160 debeant,
1759 1110 1860 1165 458.
1913 1124 2065 1154 03111111
2097 1110 2187 1153 for-

1324 1173 1457 1209 tunas
1479 1167 1637 1209 eximia
1653 1167 1936 1211 Providentia
1954 1168 2063 1223 regi,
2082 1167 2185 1222 460.

1325 1224 1372 1267 in
1405 1225 1555 1282 pejora
1591 1225 1909 1269 declinantium
1946 1227 2184 1293 specimen,

1325 1281 1428 1336 464.
1482 1282 1536 1326 de
1572 1283 1798 1340 Eun'pidis
1833 1284 1881 1327 in
1914 1299 1987 1329 eas
2020 1285 2185 1337 animo,

1323 1342 1444 1384 xxix.
1468 1341 1550 1384 601
1577 1356 1698 1399 seqq.

1265 1399 1480 1442 Mullerus
1502 1400 1805 1443 Eumenidum
1824 1401 2055 1458 interpres,
2073 1401 2184 1445 xxii.

1324 1458 1426 1511 42.8
1475 1459 1569 1524 ejus
1601 1459 1855 1516 conjectura
1885 1459 1939 1502 de
1964 1459 2185 1517 Supplici-

1323 1516 1425 1567 bus,
1448 1517 1569 1559 xxiii.
1592 1528 1695 1573 451.

1265 1550 1425 1617 Mundi
1439 1575 1590 1618 futura
1610 1574 1730 1632 apud
1748 1574 2007 1619 Lucretium
2023 1574 2186 1627 clades,

1325 1649 1458 1677 xxxv.
1510 1646 1583 1690 05.

1265 1692 1457 1734 Mundos
1483 1644 1625 1735 {orde
1661 1692 1810 1736 videre
1850 1693 2027 1744 DEUM,
2064 1692 2186 1736 xxix.

1326 1749 1428 1807 607.

1265 1808 1452 1852 Munera
1498 1809 1600 1852 Dm
1654 1809 1817 1867 saepius
1868 1810 1992 1853 irrita
2032 1808 2187 1860 videri,

1325 1867 1447 1910 xxxi.
1471 1866 1574 1924 633.

1264 1925 1424 1968 Murus
1476 1926 1727 1977 Graiorum,
1770 1941 1851 1970 cur
1901 1926 2033 1970 obrui
2084 1940 2190 1969 eum

1325 1991 1543 2036 narretur,
1565 1984 1654 2028 xvi.
1680 1960 1780 2027 266.

1265 2042 1398 2085 Musa
1419 2043 1591 2086 choreae
1611 2043 1929 2086 Thebanorum
1951 2041 2058 2093 dux,
2083 2057 2187 2086 xxv.

1325 2111 1426 2154 500.
1461 2116 1540 2144 cur
1561 2116 1663 2144 eum
1688 2101 1909 2144 Pindarus
1941 2101 2080 2144 filiam
2110 2115 2188 2158 ap-

1324 2160 1470 2215 pellet,
1492 2159 1611 2203 xxvi.
1635 2171 1737 2216 521.

1263 2216 1462 2260 Muscam
1497 2218 1811 2275 interemptam
1847 2218 2006 2261 cecinit
2047 2217 2190 2274 Spen-

1326 2291 1466 2328 serus‚
1488 2292 1637 2320 xxxvl.
1663 2288 1762 2334 722.

1267 2334 1485 2378 Musicani
1506 2335 1735 2378 exercebat
1758 2335 1968 2386 Achilles,
1990 2334 2063 2379 vii.
2091 2348 2189 2391 103.

1326 2393 1464 2436 intexi
1487 2393 1725 2451 aliquando
1755 2394 1803 2436 in
1834 2408 1884 2436 ea
1915 2393 2189 2449 simplicissi-

1325 2466 1400 2494 ma
1421 2451 1730 2503 callidissimis,
1752 2451 1904 2494 xxxiii.
1927 2451 2031 2494 668.

1267 2509 1537 2552 Musicorum
1576 2510 1795 2552 modorum
1836 2510 2049 2553 naturalis
2092 2510 2191 2567 qui-

1326 2567 1430 2611 dam
1470 2583 1642 2619 sensus,
1675 2584 1779 2611 xxx.
1813 2567 1913 2622 614.
1967 2569 2034 2611 vis
2070 2567 2190 2625 apud

1327 2641 1402 2669 eos
1449 2627 1731 2682 singulorum
1782 2641 2010 2678 sonorum,
2052 2626 2188 2669 xxxii.

1329 2683 1430 2728 660.
1482 2686 1619 2742 longo
1655 2691 1756 2741 post
1796 2692 1995 2741 tempore
2034 2684 2189 2736 auditi,

1327 2743 1508 2787 xxxviii.
1534 2754 1633 2801 ,74

1267 2801 1565 2857 Myrmidones
1578 2801 1800 2844 Achillem
1822 2800 2088 2852 desiderant,
2098 2801 2191 2845 viii.

1334 2870 1432 2917 107.

1267 2918 1485 3019 My63teria
1536 2933 1562 2961 a
1604 2917 1809 2961 Lucretio
1852 2916 1989 2973 (111131,
2033 2917 2188 2960 xxxiii.

1267 2987 1550 3091 Myt7holoyioe
1584 3034 1751 3078 Indicae
1789 3049 1893 3078 cum
1925 3033 2191 3077 Prometheo

1329 3108 1589 3145 consensus,
1622 3093 1742 3137 xviii.
1766 3107 1868 3150 331.
1923 3092 2192 3136 Graecanicae

1328 3152 1544 3252 ration6em
1577 3151 1730 3195 decere
1767 3152 1852 3195 sub
1888 3150 1961 3194 dio
1995 3158 2192 3208 agentes,

1328 3226 1433 3253 xxx.
1492 3221 1559 3264 15.

1271 3327 1428 3369 Noenia
1459 3325 1698 3369 hominum
1730 3326 1864 3369 simul
1884 3333 1925 3369 et
1950 3324 2193 3382 pecudum,

1328 3385 1449 3427 xxiii.
1502 3385 1603 3441 458.
1672 3384 1865 3428 Lucretii
1916 3383 2191 3435 dulcissima,

1328 3443 1464 3486 xxxii.
1488 3442 1588 3486 662.

1271 3502 1538 3567 Napoleonis
1560 3501 1728 3544 dictum
1762 3500 1817 3543 de
1845 3499 2033 3543 ridiculo
2055 3505 2098 3542 et
2119 3513 2194 3542 ex-

1305 3561 1463 3611 celso,
1486 3560 1575 3602 xix.
1599 3560 1701 3616 338.

1272 3593 1564 3661 Narrationes
1592 3617 1840 3674 agrestium
1870 3615 2069 3660 imitatur
2097 3615 2194 3659 Ho-

1333 3691 1498 3728 merus,
1522 3692 1565 3719 x.
1589 3676 1685 3719 161.
1718 3675 1806 3718 xiv.
1832 3673 1931 3718 226.
