2288 4036
155 289 312 323 PRAEL.
330 286 478 320 xxm.
625 263 888 318 sententias
908 261 1248 332 intempestive
1271 252 1446 314 se'rere.
1803 261 1912 315 587

158 414 576 474 sententiarum
605 407 906 468 acumine!
954 409 1052 482 qui
1082 415 1330 483 patrem,
1356 406 1560 463 audita
1589 424 1734 462 nece
1766 405 1913 462 libe-

158 529 353 568 rorum
384 516 445 565 et
475 508 754 583 conjugia
786 506 848 561 in
876 506 1000 561 haec
1030 505 1216 561 ferme
1247 504 1507 580 erupisse
1536 509 1733 559 narrat
1752 510 1793 557 ⁰.

730 638 757 657 “
773 633 896 676 Num
918 646 1078 690 pueros
1101 646 1277 690 quoque
1292 630 1341 675 ?''

394 714 424 733 “
438 706 579 759 Uxor,
601 706 789 764 pueruli,
812 720 916 750 cum
936 712 1029 749 tota
1050 705 1164 749 servi
1185 704 1334 756 domo,

396 780 663 837 Quicunque
684 778 898 836 praesto.''
960 783 988 801 “
1004 777 1130 821 Vah!
1163 777 1299 820 fuisse
1319 785 1391 819 me
1411 775 1529 819 foras
1547 777 1556 819 Ξ

393 850 606 902 Uxorem,
622 850 717 909 'ain’
739 857 790 893 tu
804 849 854 893 ?''
917 854 947 873 “
961 849 1180 893 Verum.”
1243 855 1274 873 “
1288 849 1547 907 Omnesque
1567 848 1760 892 liberos?

393 923 563 967 Omnes
586 922 792 966 delicias?
824 922 888 964 nil
910 937 1138 979 superesse
1159 921 1221 965 ais
1245 921 1394 965 dorni?

391 995 519 1039 Eheu
541 994 799 1038 Furiarum!
831 994 1064 1037 sustulisse
1083 995 1308 1038 vulturem

391 1067 508 1111 Cum
530 1073 670 1110 matre
691 1067 851 1123 pullos,
874 1079 967 1109 uno
988 1065 1211 1110 crudelem
1232 1066 1395 1123 impete
1411 1066 1456 1109 !''

237 1188 576 1264 Aliquando
607 1188 891 1245 molestus
921 1189 989 1244 fit
1021 1188 1351 1263 Euripides,
1379 1207 1496 1244 non
1517 1188 1684 1262 justa
1714 1186 1912 1262 dispu-

158 1285 399 1353 tatione,
437 1286 538 1343 sed
583 1285 739 1360 quod
786 1285 1017 1359 γνώμας,
1049 1302 1192 1359 quas
1225 1275 1452 1350 vocant,
1485 1282 1629 1339 locis
1665 1283 1912 1341 minime

159 1382 275 1440 suis
319 1401 510 1440 serere
556 1401 674 1439 non
723 1381 990 1438 dubitet:
1044 1381 1370 1455 quinimmo
1422 1380 1605 1437 talem
1652 1379 1907 1454 aliquam

158 1478 474 1536 clausulam
524 1498 641 1535 non
692 1497 821 1535 raro
873 1477 1152 1534 adhibeat
1202 1478 1263 1532 in
1316 1477 1489 1534 rebus
1539 1476 1911 1552 gravissimiS‚

123 1597 127 1601 ·
158 1577 415 1633 maximo
465 1584 633 1633 motu
679 1575 1025 1632 animorum.
1116 1572 1302 1632 Verbi
1356 1574 1565 1650 gratia,
1611 1574 1740 1647 quis
1791 1591 1910 1628 non

157 1672 403 1729 miretur
448 1670 927 1737 Andromachen,
977 1689 1093 1745 qua
1151 1671 1391 1726 tandem
1451 1669 1748 1726 sententia
1803 1666 1910 1724 filii

158 1776 408 1825 mortem
440 1770 790 1844 deprecetur
809 1765 875 1823 <¹3

625 1891 735 1933 πᾶσι
757 1887 793 1933 δ’
815 1888 1053 1946 ἀνθρώποις
1073 1887 1137 1946 ἄρ’
1160 1887 1212 1944 ἦν

447 1961 573 2019 ψυχὴ
595 1961 717 2006 τέκν’·
751 1960 874 2006 ὅστις
894 1960 930 2004 δ’
953 1960 1059 2012 αὔτ’,
1081 1960 1257 2019 ἄπειρος·
1276 1961 1348 2012 ὢν,
1370 1960 1521 2019 ψέγει,

448 2033 592 2090 ἧσσον
609 2034 688 2090 μὲν
706 2033 847 2091 ἀλγεῖ,
871 2033 1100 2091 δυστυχῶν
1120 2032 1156 2076 δ’
1179 2033 1434 2089 εὐδαιμονεῖ.

159 2156 460 2233 Frigidum
493 2164 554 2213 et
583 2156 745 2223 illud,
779 2157 932 2231 quod
970 2157 1027 2212 in
1068 2156 1379 2214 efferendis
1410 2157 1720 2215 sententiis
1751 2164 1912 2214 amat

158 2253 354 2310 omnia
376 2253 594 2309 diserto
614 2253 945 2328 exprimere
970 2271 1264 2321 sermone;
1296 2273 1433 2309 cum
1457 2273 1661 2311 revera
1684 2254 1913 2311 soleant

158 2347 243 2405 illi
279 2349 378 2423 qui
423 2349 485 2404 in
521 2349 801 2423 majorem
851 2350 1094 2406 modum
1141 2359 1609 2418 commoventur,
1653 2371 1771 2407 non
1813 2352 1915 2408 de-

158 2445 579 2501 monstratione
610 2446 710 2502 sed
743 2445 1170 2521 significatione
1194 2447 1335 2521 quid
1365 2447 1473 2503 sibi
1504 2447 1690 2504 velint
1721 2448 1918 2504 decla-

158 2559 300 2597 rare.
390 2539 589 2595 Nolim
623 2541 824 2614 itaque
855 2539 1314 2598 Andromachen
1355 2561 1489 2598 cum
1533 2544 1751 2600 aemula
1783 2563 1913 2599 mu-

160 2635 299 2692 liere
339 2642 665 2692 certantem
711 2636 903 2711 palam
943 2657 1012 2694 ea
1053 2636 1233 2712 loqui,
1265 2658 1392 2713 quae
1433 2646 1631 2696 tamen
1674 2658 1915 2697 necesse

161 2739 250 2789 est
279 2733 546 2789 venerint
578 2733 632 2789 ei
662 2734 722 2789 in
752 2740 1013 2790 mentem
1034 2741 1090 2790 ez

481 2855 607 2897 κακόν
626 2871 677 2911 γε
699 2853 866 2909 θνητοῖς
886 2855 934 2897 τὸ
958 2853 1065 2904 νέον,
1088 2854 1132 2897 ἕν
1154 2872 1198 2897 τε
1220 2856 1279 2914 τῷ
1302 2855 1381 2915 νέῳ

482 2925 532 2967 τὸ
553 2924 609 2980 μὴ
632 2925 793 2969 δίκαιον
814 2924 937 2970 ὅστις
956 2925 1190 2981 ἀνθρώπων
1210 2926 1315 2982 ἔχει·

478 2995 563 3052 ἐγὼ
584 2996 631 3039 δέ
651 2998 814 3053 ταρβῶ,
832 2996 889 3052 μὴ
910 2998 960 3039 τὸ
983 2995 1201 3040 δουλεύειν
1220 3015 1272 3053 με
1294 2998 1369 3041 σοὶ

478 3068 625 3125 λόγων
644 3067 814 3123 ἀπώσῃ,
836 3066 966 3111 πολλ’
990 3068 1179 3126 ἔχουσαν
1199 3069 1354 3112 ἔνδικα·

480 3137 531 3193 ἢν
552 3137 588 3181 δ’
610 3137 663 3182 αὖ
683 3137 899 3196 κρατήσω,
921 3138 978 3195 μὴ
998 3138 1060 3182 ’πὶ
1082 3138 1180 3199 τῷδ’
1203 3138 1331 3198 ὄφλω
1351 3138 1542 3196 βλαβῆν.

480 3210 520 3252 οἱ
540 3209 624 3267 γὰρ
644 3209 843 3256 πνέοντες
863 3210 1046 3267 μεγαλὰ,
1068 3210 1167 3255 τοὺς
1187 3208 1419 3268 κρείσσους
1438 3214 1596 3270 λόγους

481 3283 642 3337 πικρῶς
661 3280 851 3338 φέρουσι
872 3286 956 3326 τῶν
977 3281 1233 3327 ἐλασσόνων
1253 3281 1351 3327 ὕπο.

160 3394 317 3451 Nam
352 3394 632 3453 Medeam
667 3397 905 3471 quidem
936 3397 1097 3454 illam
1129 3398 1258 3472 quis
1288 3399 1455 3467 ferat,
1488 3419 1616 3475 quae
1646 3401 1706 3456 in
1742 3408 1914 3457 nato-

216 3609 237 3632 c
257 3603 477 3656 Macheth,
500 3604 600 3648 Act.
623 3605 680 3649 iv.
707 3604 778 3649 Sc.
802 3619 845 3662 3.
1025 3604 1048 3636 (ἱ
1068 3605 1274 3649 Androm.
1298 3620 1399 3663 419.
1580 3614 1599 3637 e
1621 3607 1732 3650 Ibid.
1762 3607 1857 3661 184.
