2288 4036
267 219 375 278 692
588 221 824 275 Luc-retii
846 222 1102 293 yravitas,
1128 217 1407 276 amentium
1433 223 1637 277 similia
1697 243 1856 277 PRAEL.
1878 243 2067 279 xxx1V.

267 368 580 446 significat,
627 388 690 426 se
737 370 837 426 vix
891 368 1126 446 placide
1176 369 1458 439 laturum,
1507 372 1691 447 siquis
1744 372 1806 430 in
1855 379 1962 432 sua
2008 382 2070 432 et

265 468 538 546 magistri
568 469 658 526 sui
692 468 874 526 verba
894 468 1169 544 juratum
1201 488 1264 526 se
1296 466 1576 527 addicere
1608 468 1925 531 recusabit.

354 566 710 625 Videndum
759 586 836 624 an
881 566 1000 624 huc
1051 566 1208 625 forte
1257 568 1577 644 pertineat,
1619 569 1680 626 id
1723 570 1883 646 quod
1930 577 2072 628 ante

259 668 389 743 jam
436 667 610 725 nobis
657 667 952 737 occurrit3
998 666 1148 725 nihil
1180 687 1301 725 non
1339 669 1492 726 serio
1523 676 1706 745 atque
1738 689 1814 727 ex
1853 671 2071 741 animo,

267 775 337 825 ut
382 767 483 843 qui
528 767 815 836 maxime,
857 785 1037 844 agere
1077 765 1472 837 Lucretium3
1520 768 1897 846 disciplinam
1946 771 2074 846 ejus

265 866 402 924 lusu
446 865 551 923 illo
599 866 818 935 faceto,
865 885 1125 942 vereque
1166 865 1507 944 Virgiliano
1562 868 1806 945 penitus
1855 881 2074 926 carere.

271 966 575 1042 Expectes
620 966 781 1043 apud
818 985 977 1035 eum,
1011 965 1107 1023 vel
1138 967 1201 1024 in
1232 986 1297 1024 re
1328 986 1568 1044 quaque
1599 967 1919 1036 levissima,
1953 974 2076 1024 tor-

268 1082 404 1123 vam
435 1065 638 1123 nescio
670 1085 851 1141 quam
890 1064 1204 1123 oculorum
1249 1065 1584 1143 frontisque
1628 1067 2074 1135 constantiam;

267 1164 369 1241 qui
403 1163 607 1222 vultus
639 1172 709 1222 ut
740 1165 900 1222 inter
936 1164 1164 1241 peritos
1195 1165 1701 1242 significationem
1737 1165 1924 1226 habet
1955 1181 2078 1223 non

267 1263 465 1322 levem
517 1270 837 1322 commotae
884 1265 1126 1333 mentis,
1173 1264 1276 1333 ita,
1328 1265 1490 1341 quod
1537 1266 1838 1324 scribendi
1887 1284 2078 1344 genus

268 1364 550 1442 congruit
595 1364 927 1440 praesertim
967 1382 1107 1422 cum
1153 1363 1494 1422 istiusmodi
1541 1371 1809 1443 aspectU,
1853 1364 2085 1425 fastuosi

270 1483 403 1522 sum
457 1462 630 1532 illud,
675 1483 744 1522 ac
788 1461 987 1541 (paene
1029 1463 1252 1541 dicam)
1295 1464 1696 1541 tyrannicum,
1743 1484 1866 1522 non
1918 1462 2078 1522 male

270 1564 523 1622 fortasse
553 1563 849 1622 referetur
877 1564 953 1621 ad
983 1563 1227 1621 insaniae
1257 1571 1449 1622 notas.

348 1662 505 1720 Cum
538 1670 743 1721 autem
775 1663 1079 1739 pertineat
1109 1662 1237 1720 haec
1269 1682 1364 1721 res
1394 1664 1470 1721 ad
1501 1664 1764 1722 universi
1796 1660 2078 1722 carminis

274 1763 557 1832 colorem,
600 1762 819 1820 videtis
865 1780 987 1821 non
1041 1781 1175 1821 eam
1224 1781 1374 1832 esse,
1420 1782 1554 1841 quae
1599 1764 1918 1822 commode
1973 1782 2081 1840 per

269 1862 552 1940 exempla
583 1862 991 1921 confirmetur.
1083 1861 1301 1920 Paucis
1333 1870 1540 1921 tamen
1577 1863 1728 1922 libet
1763 1864 2080 1922 ostendere

271 1962 558 2031 versibUS‚
607 1980 726 2037 qua
774 1961 1115 2039 arrogantia
1172 1960 1405 2037 rejiciat
1456 1960 1777 2020 Lucretius
1823 1961 2079 2020 aliorum

270 2069 634 2131 commenta,
667 2061 789 2119 suis
820 2060 1072 2119 fortasse
1103 2060 1507 2138 probabiliora
1525 2056 1573 2118 h.

513 2197 819 2256 Quapropter,
843 2197 1060 2257 quoniam
1086 2197 1145 2241 'st
1167 2197 1325 2241 Animi
1347 2203 1510 2242 natura
1530 2206 1724 2257 reperta,

510 2273 664 2332 Atque
684 2272 881 2326 Animae,
904 2272 1035 2331 quasi
1056 2286 1161 2330 pars
1184 2271 1413 2325 hominis;
1446 2272 1576 2317 mitte
1602 2272 1871 2318 Harmoniai

512 2347 696 2391 Nomen
717 2346 776 2391 ab
799 2347 1014 2405 organico
1038 2347 1157 2391 saltu
1180 2345 1380 2391 delatum
1402 2345 1653 2399 Heliconis,

512 2420 619 2467 Sive
642 2420 825 2466 aliunde
846 2420 934 2479 ipsi
955 2436 1093 2479 porro
1114 2427 1303 2473 traxere,
1327 2427 1370 2464 et
1391 2421 1440 2464 in
1461 2421 1586 2465 illam

509 2496 878 2550 Transtulerunt,
902 2496 1086 2555 proprio
1110 2510 1212 2556 quae
1234 2502 1334 2540 tum
1357 2510 1427 2540 res
1451 2496 1635 2540 nomine
1658 2494 1848 2556 egebat3

513 2569 746 2630 Quicquid
767 2569 816 2615 id
837 2577 919 2623 est,
941 2570 1166 2615 habeant:
1201 2576 1254 2614 tu
1274 2576 1438 2615 caetera
1458 2570 1639 2628 percipe
1662 2569 1795 2614 dicta.

271 2694 526 2767 Deinde,
559 2706 697 2776 post
726 2697 947 2775 paullo,
981 2717 1088 2756 sua
1119 2697 1404 2757 videlicet
1435 2706 1779 2758 ostentans:

514 2831 654 2876 Nunc
674 2831 830 2890 igitur,
855 2831 1072 2890 quoniam
1095 2831 1154 2875 'st
1175 2830 1333 2875 Animi
1354 2838 1518 2876 natura
1537 2838 1715 2889 reperta

514 2905 703 2952 Mobilis
726 2906 918 2965 egregie,
942 2917 1162 2965 perquam
1185 2912 1392 2950 constare
1413 2919 1597 2950 necesse
1618 2911 1686 2949 est

517 2977 798 3037 Corporibus
820 2979 970 3038 parvis
993 2986 1036 3023 et
1057 2978 1265 3031 laevibus‚
1288 2985 1424 3038 atque
1444 2978 1682 3023 rotundis:

515 3052 633 3100 Quae
654 3053 738 3099 tibi
759 3053 943 3113 cognita
962 3069 1033 3098 res
1055 3053 1104 3097 in
1124 3053 1298 3106 multis,
1324 3053 1366 3098 O
1388 3053 1524 3106 bone,
1547 3053 1701 3106 rebus,

514 3126 653 3171 Utilis
675 3127 944 3180 invenietur,
968 3134 1012 3171 et
1033 3133 1291 3185 opportuna
1313 3127 1495 3171 cluebit.

272 3253 307 3276 “
335 3241 347 3280 ἱ
373 3241 664 3303 Fidenter
716 3246 891 3304 sane''
941 3247 1147 3321 (liceat
1198 3247 1362 3305 enim
1417 3246 1723 3305 Ciceronis
1777 3244 1960 3305 verba
2011 3247 2074 3304 in

273 3363 338 3401 re
383 3343 573 3402 ferme
611 3345 824 3402 eadem
867 3346 1199 3422 adhibere,)
1240 3354 1273 3378 ‘⁶
1292 3347 1568 3414 fidenter,
1606 3352 1677 3402 ut
1718 3344 1915 3403 solent
1955 3345 2072 3414 isti,

273 3443 425 3500 nihil
457 3450 582 3501 tam
607 3462 820 3503 verens
847 3465 1028 3522 quam
1061 3465 1137 3503 ne
1170 3446 1447 3504 dubitare
1478 3444 1679 3521 aliqua
1710 3443 1784 3502 de
1815 3463 1879 3502 re
1911 3445 2075 3502 vide—

454 3667 481 3698 Ἀ
516 3668 649 3713 Lucr.
676 3684 719 3727 3.
744 3683 842 3728 131.
1355 3669 1367 3701 ἰ
1389 3672 1461 3715 De
1483 3672 1593 3715 Nat.
1618 3671 1755 3715 Deor.
1784 3685 1822 3715 1.
1847 3671 1891 3714 8.
