2288 4036
448 150 558 206 464
610 154 826 206 Samma
852 172 1022 206 eor-um
1048 172 1165 224 quoe
1188 151 1265 206 ad
1289 153 1576 207 Danaidas
1588 154 1874 225 pertinent.
1915 174 2082 208 PRAEL..
2098 175 2251 209 xxm.

447 322 580 359 rum
613 303 1065 381 Tragoediarum
1107 302 1395 371 fructum,
1426 303 1644 380 quibus
1675 303 1964 362 credibile
1995 312 2088 363 est
2119 306 2253 364 AEs-

446 401 692 482 chylum
725 401 1119 479 complevisse
1139 400 1486 480 Trilogiam,
1512 422 1650 479 quae
1682 404 1756 461 ad
1783 402 2090 463 Danaidas
2119 425 2251 484 per-

446 496 654 571 tinuit,
674 509 1060 579 expectarem
1096 520 1239 559 sane
1271 500 1605 578 splendida,
1637 502 1742 562 sed
1774 511 1837 562 et
1866 505 2252 565 moestissima

446 603 828 670 documenta,
869 601 1087 678 quibus
1130 601 1416 679 gradibus
1459 603 1784 661 demittere
1831 622 1895 661 se
1939 603 2150 675 soleat,
2186 613 2250 663 et

443 702 521 760 ab
552 700 797 779 optimis
841 702 904 758 in
949 702 1326 760 atrocissima
1366 701 1492 760 fato
1525 703 1787 780 quodam
1820 705 2110 774 converti,
2142 705 2250 770 foe-

442 803 742 860 minarum
782 800 1036 871 indoles,
1068 808 1389 879 postquam
1422 801 1610 861 semel
1650 803 1714 860 in
1752 804 1957 880 pejora
1988 803 2250 864 declina-

444 901 618 959 verit.
709 901 899 959 Porro
927 920 1107 960 nemo
1139 909 1208 959 ut
1240 902 1454 979 opinor
1488 901 1738 980 negabit
1778 905 2077 982 praecipue
2109 925 2248 963 cum.

443 1000 729 1080 AEschylo
761 1020 1094 1081 congruere
1135 1000 1479 1060 fabulosum
1520 1001 1851 1073 horrorem,
1884 1005 1987 1080 qui
2020 1003 2247 1063 cumuli

442 1100 575 1160 loco
622 1102 930 1161 debuisset
983 1103 1085 1161 isti
1135 1101 1359 1161 fabulae
1405 1103 1656 1180 imponi,
1705 1123 1845 1162 cum
1891 1104 1967 1162 ad
2014 1103 2249 1164 Inferos

443 1209 692 1260 ventum
727 1202 956 1272 fuisset,
990 1210 1053 1260 et
1083 1203 1160 1261 ad
1191 1201 1551 1282 pervulgata
1580 1202 1686 1261 illa
1717 1202 2044 1283 supplicia:

1414 1320 1563 1366 Notas

804 1393 1051 1452 Virginum
1075 1408 1250 1452 poenas,
1273 1400 1318 1438 et
1338 1393 1472 1438 inane
1492 1392 1693 1453 lymphae

806 1467 997 1513 Dolium
1017 1468 1163 1513 fundo
1185 1468 1417 1528 pereuntis
1438 1468 1546 1522 imo,

1293 1542 1494 1603 Seraque
1514 1543 1622 1596 fata,

807 1615 926 1667 Quae
947 1624 1134 1662 manent
1156 1618 1314 1676 culpas
1336 1617 1472 1663 etiam
1495 1617 1582 1662 sub
1609 1616 1747 1663 Orco.

441 1720 580 1780 Nec
626 1721 905 1780 dubitem
946 1722 1250 1800 equidem,
1290 1722 1391 1782 hic
1429 1742 1670 1801 quoque
1710 1723 1895 1783 fuisse
1943 1726 2248 1803 apparitu-

437 1840 570 1879 rum
605 1822 864 1879 eundem
911 1823 1277 1900 gravissimae
1316 1823 1562 1901 pietatis
1607 1822 1892 1894 colorem,
1924 1843 2044 1901 quo
2075 1826 2243 1902 quasi

438 1920 668 1979 lumine
699 1922 962 1999 quodam
1011 1922 1216 2002 Elysio
1262 1923 1545 2001 perfundi
1585 1923 1846 1983 vidimus
1878 1927 2082 1984 omnia
2112 1946 2244 2003 quae

437 2028 760 2099 supersunt
791 2021 1078 2101 AEschyli.

522 2120 564 2179 J
567 2141 665 2180 am
698 2141 837 2179 cum
869 2131 1040 2181 tanta
1070 2125 1162 2181 sui
1195 2131 1370 2202 parte
1399 2143 1650 2183 mancus
1680 2125 1756 2183 ad
1786 2144 1896 2184 nos
1933 2124 2245 2183 devenerit

436 2222 774 2301 Tragoediae
813 2221 1014 2292 Pater,
1053 2222 1262 2282 licebit
1307 2231 1514 2282 tamen
1554 2224 1845 2302 gratulari
1889 2231 2094 2282 nostro
2140 2243 2246 2282 sae-

436 2320 592 2390 cu10,
625 2320 788 2398 quod
819 2319 916 2377 vel
947 2339 1023 2378 ex
1058 2320 1310 2379 tantulis
1341 2321 1469 2398 ejus
1510 2319 1778 2398 reliquiis
1815 2326 1910 2378 tot
1946 2320 2243 2379 habemus

434 2441 664 2480 severae
712 2419 1017 2499 religionis
1067 2427 1502 2490 monumenta;
1561 2439 1820 2497 quorum
1872 2420 1936 2477 in
1986 2440 2241 2479 numero

433 2539 621 2598 prope
679 2520 902 2597 primas
951 2518 1271 2597 Supplices
1314 2527 1524 2578 tenere
1569 2525 1822 2588 nostras,
1871 2518 1966 2577 vel
2013 2538 2086 2578 eo
2133 2538 2241 2596 pu—

433 2621 712 2691 taverim,
749 2619 910 2696 quod
957 2618 1069 2678 hac
1116 2619 1321 2678 fabula
1364 2619 1747 2697 potissimum
1787 2618 2093 2688 docemur,
2135 2617 2237 2695 qui

433 2727 711 2777 veterum
743 2717 1067 2777 Graiorum
1106 2719 1588 2799 religiosissimus
1623 2718 1702 2777 sit
1733 2715 1945 2786 Poeta,
1974 2718 2237 2776 eundem

434 2818 731 2878 castitatis
779 2837 1022 2896 quoque
1073 2827 1275 2898 partes
1327 2837 1564 2879 summo
1617 2817 1818 2876 studio
1872 2836 2109 2876 servare
2164 2836 2235 2875 ac

433 2919 609 2977 tueri.
