2288 4036
143 123 254 178 836

204 254 329 299 xxiii.
374 269 479 310 440.
546 254 785 314 Iphigenia
825 254 1090 300 Aulidensis

203 321 379 373 patrem
413 315 660 373 appellans,
695 315 819 359 xxix.
843 326 871 374 5
906 326 947 373 7.
993 316 1091 375 ejus

207 374 526 419 inconstantiae
548 375 676 428 ratio,
699 376 850 443 598—
880 389 956 420 01.

147 435 248 493 Ipse
271 434 418 503 flixit,
451 435 534 480 ubi
571 442 640 480 sat
676 442 759 480 erit
793 450 845 480 ea
879 435 1090 488 formula,

206 509 315 538 xxn.
331 509 387 550 42
426 527 436 539 .

144 554 266 599 Iram
287 510 478 600 Achi9llis
507 570 602 600 non
631 570 730 599 esse
760 569 990 599 summam
1014 553 1092 599 Ili-

205 614 319 667 adis,
356 615 433 659 vii.
461 616 535 660 88.
583 614 663 659 sed
705 615 858 673 potius
902 614 1093 660 Nodum

210 675 325 733 ejus,
351 676 423 734 89,
445 689 521 734 90.

145 735 300 779 Irom'a
319 734 661 788 Primariorum,
685 750 728 778 V.
748 734 942 794 69—71.
977 734 1090 779 Pro-

205 795 464 853 phetarum,
501 805 574 853 70.
607 795 765 848 lenior,
810 810 858 839 se
899 794 1091 839 irriden-

203 855 336 907 tium,
357 865 429 913 71.
463 870 521 899 an
544 870 596 898 ea
615 870 730 899 usus
758 855 816 899 sit
837 854 1090 914 AEschylus

204 915 253 959 in
268 914 446 967 Persas,
460 914 567 959 xvii.
587 926 691 973 305.
726 914 911 959 Pindari
931 915 1093 959 festiva

204 975 327 1020 xxvi.
344 986 448 1033 520.
498 974 730 1033 Euripidis
764 975 813 1019 in
845 975 1093 1020 mulierum

204 1050 369 1094 genus,
390 1035 514 1079 xxix.
538 1034 643 1093 605.
676 1035 857 1094 Virgilii
877 1036 926 1080 in
954 1049 1091 1094 pecu-

205 1094 358 1143 desae
381 1095 514 1149 feras,
537 1095 706 1140 xxxvii.
725 1106 828 1154 750.

143 1155 213 1199 Iri
234 1155 498 1208 ἐπεισόδιον,
515 1171 606 1215 quo
620 1156 855 1213 pertineat,
873 1156 965 1200 xiv.
987 1169 1090 1214 234.

144 1216 345 1268 Isaacus,
370 1217 569 1260 carmine
589 1216 857 1269 vaticinans,
879 1216 940 1261 iv.
956 1231 1030 1275 49.

143 1275 462 1381 Isocratesggde
493 1275 843 1321 Heraclidarum
873 1283 1093 1335 tempore,

208 1349 301 1381 xvi.
320 1351 344 1381 2
413 1369 423 1380 .

145 1396 428 1441 Isthmiorum
456 1397 571 1441 sexti
602 1395 725 1455 apud
748 1395 1002 1441 Pindarum
1022 1409 1094 1441 ra-

206 1457 286 1510 tio,
308 1458 430 1503 xxvi.
450 1468 555 1517 529.

147 1517 329 1562 Italiam
365 1518 559 1576 Virgilio
595 1517 715 1562 vires
753 1516 1095 1576 quodammodo

206 1577 387 1631 addere,
405 1578 590 1623 xxxviii.
611 1588 714 1637 775.
747 1578 844 1636 ejus
866 1577 923 1622 ab
946 1578 1097 1622 AEnea

205 1639 355 1696 primo
376 1639 487 1683 visae
512 1638 770 1696 descriptio,
793 1638 948 1682 xxxix.
974 1649 1078 1697 795.

144 1697 300 1743 Italici
332 1698 483 1743 Poetoe
521 1698 747 1758 Spensero
781 1698 1094 1757 praecinentes,

207 1759 329 1804 xxiv.
353 1760 459 1815 480.
886 1813 888 1815 Ι

146 1818 309 1864 Ithaca
349 1820 421 1865 vel
456 1818 616 1878 Ulyssi
656 1830 753 1863 non
801 1817 990 1877 optima,
1032 1818 1093 1863 xi.

217 1892 318 1940 177.
366 1879 698 1938 rempublicam
740 1879 837 1938 ejus
880 1894 905 1924 e
945 1878 1097 1923 reditu

214 1941 398 2001 Ulyssis
438 1939 651 1998 pendere,
685 1939 762 1984 xii.
788 1954 890 1998 203.
944 1939 1096 1984 conci-

212 2001 333 2046 disse
353 2001 418 2046 ibi
437 2015 600 2059 regum
619 2000 859 2053 honorem,
882 1999 974 2044 xiii.
991 2014 1095 2059 209.

211 2077 270 2106 an
292 2077 344 2106 ea
365 2076 468 2121 quae
495 2075 621 2105 nunc
654 2067 722 2105 est
746 2060 1006 2105 Homericae
1026 2075 1096 2105 re-

212 2121 452 2181 spondeat,
472 2121 563 2165 xiv.
590 2134 692 2179 243.

151 2183 447 2228 Ithacensium
486 2180 651 2235 turbae,
695 2187 854 2225 contra
890 2180 1099 2225 Deorum

213 2242 402 2295 monita,
427 2257 503 2286 xv.
521 2253 623 2300 251.

149 2304 276 2363 Ityos
305 2317 476 2347 nomen
503 2301 551 2346 in
582 2301 789 2346 lusciniae
822 2308 974 2354 cantu,
1004 2301 1097 2345 xix.

247 2378 321 2419 41.

151 2379 348 2469 Juffiaica
388 2423 487 2467 Lem
529 2438 554 2466 a
596 2421 865 2467 Novatianis
909 2419 1100 2475 detorta,

215 2484 324 2530 xxii.
358 2495 462 2542 425.
501 2483 530 2528 J
535 2482 743 2528 udaicam
785 2482 1101 2541 antiquitatem

216 2560 323 2590 cum
372 2544 570 2588 Heroica
618 2543 875 2596 convenire,
914 2558 960 2587 x.
999 2553 1099 2601 147.

216 2605 389 2664 duplici
410 2604 592 2649 Poetica
619 2603 868 2656 abundare,
890 2604 952 2647 xl.
977 2603 1081 2648 808.

153 2667 361 2711 Judicum
382 2662 536 2718 Liber,
560 2665 658 2724 ejus
680 2663 820 2709 verba
849 2671 1101 2723 ponuntur,

214 2740 395 2782 xx11.42
434 2760 443 2770 .

152 2788 287 2832 Juliae
328 2736 477 2845 geritis
527 2800 636 2845 ergo
678 2784 791 2845 fingi
839 2799 866 2829 a
907 2784 1101 2843 Virgilio

215 2847 429 2900 AEneam,
452 2847 606 2891 xxxvi.
627 2857 729 2906 724.

153 2908 333 2968 Jupiter
382 2906 656 2952 Homericus
711 2905 868 2951 bestiis
919 2920 1102 2965 quoque

214 2966 438 3027 providet,
455 2968 517 3011 ix.
543 2978 643 3026 145.
666 2966 890 3019 homines,
905 2981 999 3010 non
1018 2966 1101 3010 Fa-

215 3037 332 3082 tum,
361 3028 578 3086 inculpat,
601 3043 676 3072 xv.
702 3026 805 3072 260.
843 3027 892 3071 in
914 3027 1101 3071 Prome-

214 3088 322 3134 theo
340 3089 605 3141 malevolus,
623 3087 746 3132 xviii.
762 3101 867 3145 310.
901 3087 1103 3146 potentia

216 3149 314 3194 sola
324 3148 594 3200 immensus,
613 3162 717 3206 324.
744 3148 978 3192 Maximus
993 3162 1101 3192 cum

216 3210 289 3262 sit,
322 3208 497 3254 eveniet
523 3208 710 3253 tandem
744 3208 978 3266 Optimus,
1006 3207 1099 3252 xix.

216 3281 321 3329 335.
357 3267 663 3322 Gubernator,
687 3267 743 3313 ab
767 3268 991 3328 AEschylo
1020 3283 1099 3328 ag-

215 3329 437 3382 noscitur,
476 3340 581 3387 350.
653 3329 702 3373 111
754 3329 1102 3387 Agamemnone

215 3396 438 3442 mutatus,
462 3400 566 3448 353.
603 3387 748 3441 Soter,
773 3390 1026 3448 appellatur
1053 3389 1102 3434 in

217 3449 570 3503 Eumenidibus,
592 3449 700 3493 xxii.
729 3463 833 3507 430,
860 3463 965 3508 432,
995 3450 1100 3508 438.

217 3510 274 3556 ab
299 3509 465 3556 Oresta
485 3517 529 3554 et
546 3525 571 3554 a
589 3510 801 3554 Minerva
821 3510 1100 3568 agnoscitur,

216 3586 320 3630 433.
343 3571 392 3615 in
411 3570 720 3629 Supplicibus,
735 3569 859 3614 xxiii.
878 3584 983 3625 442,
995 3569 1098 3625 461.

219 3631 270 3676 Io
308 3630 539 3692 quomodo
574 3630 630 3676 ab
665 3645 718 3675 eo
757 3638 955 3683 sanetur,
994 3646 1097 3689 449.

216 3692 313 3751 ejus
337 3691 524 3736 consilia
547 3692 686 3750 sylvae
709 3690 884 3743 similia,
908 3689 1011 3745 461.

948 127 1319 182 INDEX.

1176 255 1484 314 June-jurandi
1508 256 1779 315 religionem
1800 270 1826 300 a
1845 254 1962 300 Jove
1986 255 2118 300 abro-

1238 316 1336 375 gari
1375 330 1524 374 posse,
1561 315 1669 360 xxii.
1713 329 1817 374 433.
1873 314 2118 374 Olympici,

1238 375 1410 420 mentio
1451 375 1575 434 apud
1617 375 1868 420 Pindarum
1915 375 2118 433 repetita,

1239 448 1346 481 xxv.
1363 451 1467 495 494.

1101 511 1103 513 ’
1177 496 1431 554 Justfflcari
1451 510 1531 554 per
1558 494 1897 554 philosophiam
1913 494 2118 547 GraecOS,

1239 557 1301 601 xl.
1325 556 1428 600 810.

1181 617 1229 660 S.
1255 616 1462 660 Justinus
1487 610 1688 673 Martyr,
1722 630 1748 659 a
1779 613 2023 659 Platonicis
2061 608 2120 658 ad

1239 675 1489 720 Veritatem
1509 675 1796 728 informatus,
1819 676 1881 718 xl.
1901 675 2005 729 804.

1177 736 1408 780 Juvenalis
1429 734 1485 779 de
1506 749 1758 793 pauperum
1780 734 1912 778 Poesi
1938 741 2118 778 senten-

1226 796 1304 848 tia,
1326 795 1372 840 ii.
1392 806 1462 854 17.
1495 795 1650 839 omnia
1673 808 1780 840 cum
1806 793 2120 853 indignatione

1239 856 1382 908 effert,
1408 855 1468 901 vi.
1490 854 1562 914 76.

1176 915 1361 960 Juvenci
1413 915 1460 959 in
1516 914 1750 973 Georgicis
1805 920 2122 972 protervorum

1239 975 1595 1021 adolescentium
1632 981 1740 1020 sunt
1770 971 1928 1027 instar,
1949 972 2120 1019 xxxvii.

1243 1047 1346 1096 752.
1623 1090 1670 1139 K

1181 1158 1346 1215 Καῖρος
1377 1154 1501 1216 apud
1533 1154 1784 1201 Pindarum
1819 1152 1930 1214 quid
1959 1154 2120 1206 valeat,

1240 1232 1348 1261 xxv.
1367 1228 1472 1275 513.

1180 1277 1447 1323 Καλλίνικος
1479 1288 1661 1321 carmen
1699 1274 1928 1335 Olympiae
1963 1272 2123 1319 recita-

1241 1345 1357 1391 tum,
1380 1349 1487 1382 xxv.
1510 1351 1615 1396 493.

1182 1397 1458 1455 Κακοζηλίαν
1508 1396 1810 1442 recentiorum
1863 1410 1890 1439 a
1929 1393 2124 1453 Virgilio

1240 1458 1403 1511 minui,
1420 1459 1482 1502 xl.
1507 1456 1610 1503 806.

1180 1518 1398 1572 Κατέβαν,
1428 1519 1525 1578 ejus
1557 1516 1685 1562 verbi
1717 1514 1841 1575 apud
1872 1513 2125 1560 Pindarum

1241 1579 1326 1632 vis,
1348 1594 1455 1623 xxv.
1478 1590 1583 1636 500.

1182 1635 1398 1691 Kehama,
1438 1638 1663 1683 Indorum
1697 1636 1957 1696 Tyrannus,
2000 1630 2126 1679 xviii.

1244 1713 1348 1758 331.
1382 1698 1572 1757 picturae
1599 1698 1649 1742 in
1680 1710 1733 1742 eo
1767 1695 1966 1741 carmine
1995 1694 2126 1747 ratio,

1242 1759 1398 1804 xxxiii.
1422 1758 1526 1814 664.

1184 1822 1430 1879 Κομμάτων
1451 1818 1574 1877 apud
1596 1817 1873 1878 AEschylum
1904 1816 1953 1861 in
1975 1814 2126 1860 Persis

1245 1881 1374 1934 ratio,
1397 1880 1505 1925 xvii.
1523 1890 1629 1938 305.

1185 1941 1375 2001 Κραίνω,
1427 1951 1518 1985 vox
1561 1939 1808 1983 Parcarum
1858 1937 2128 1998 plerumque

1246 2001 1442 2060 propria,
1464 2016 1541 2044 xx.
1565 1998 1670 2058 364.

1185 2067 1343 2120 Κῶμος
1356 2077 1382 2106 3
1398 2060 1597 2105 Pindaro
1614 2058 1879 2111 celebratur,
1897 2074 2003 2104 xxv.
2023 2073 2052 2113 4
2084 2056 2128 2111 6,

1246 2123 1350 2181 498.
1385 2120 1509 2166 domi
1529 2121 1798 2179 plerumque
1815 2133 1841 2163 a
1857 2119 2026 2163 victore
2081 2131 2126 2163 a·

1245 2182 1386 2235 bitus,
1409 2196 1513 2240 499.

1634 2295 1672 2344 L

1186 2359 1421 2420 Lacrymoe
1461 2359 1795 2406 insanientibus
1832 2375 1960 2414 rarae,
2002 2357 2127 2404 xxiii.

1249 2434 1354 2481 450.

1185 2483 1377 2529 Laertes
1397 2481 1628 2542 pulchrior
1651 2481 1874 2526 Minervae
1890 2486 2030 2533 tactu,
2052 2493 2128 2524 xv.

1250 2558 1275 2588 2
1311 2559 1354 2599 4.

1188 2556 1402 2650 Lae÷tius
1424 2602 1480 2648 de
1502 2601 1794 2661 Empedocle,
1816 2601 1939 2646 xxxi.
1963 2598 2068 2660 635.

1189 2665 1544 2723 Laestryyonum
1564 2663 1706 2721 regiO,
1727 2662 1818 2707 xiv.
1844 2672 1947 2721 227.

1189 2726 1437 2770 Lamechus
1459 2724 1653 2769 Poeseos
1674 2723 1791 2767 forte
1810 2729 1951 2781 pater,
1972 2721 2032 2767 iv.
2056 2732 2132 2780 47.

1190 2785 1462 2830 Laocoontis
1528 2783 1650 2843 apud
1691 2783 1938 2842 Virgilium
2002 2782 2133 2835 ratio,

1248 2846 1402 2890 xxxix.
1422 2857 1525 2905 793.

1187 2907 1452 2966 Lapponica
1472 2904 1709 2958 cantilena,
1730 2904 1790 2949 iv.
1814 2914 1888 2961 52.

1187 2968 1407 3025 Laryitas
1436 2965 1726 3011 Athletarum
1753 2979 1781 3009 a
1803 2962 2002 3008 Pindaro
2029 2963 2128 3008 lau-

1250 3027 1369 3080 data,
1391 3042 1496 3071 xxv.
1512 3038 1565 3085 51
1578 3039 1617 3070 1.

1188 3088 1261 3133 La
1284 3088 1434 3132 Roclze
1452 3086 1749 3145 Jacqueleine,
1771 3084 1952 3130 heroica
1978 3082 2132 3128 indole

1248 3148 1427 3201 mulier,
1443 3148 1505 3191 ix.
1529 3157 1628 3204 137.

1188 3210 1354 3254 Latine
1369 3208 1530 3253 melius
1546 3207 1600 3251 de
1610 3206 1791 3251 Poetica
1804 3205 1978 3258 disseri,
1991 3203 2027 3259 i.
2041 3220 2132 3260 4-

1250 3270 1294 3314 8.
1328 3268 1499 3328 negligi
1520 3266 1644 3326 apud
1659 3265 1945 3311 Oxonienses
1967 3279 2020 3309 ea
2034 3271 2132 3309 stu-

1251 3329 1340 3383 dia,
1358 3340 1402 3385 5.
1438 3328 1600 3373 Latina
1622 3326 1677 3372 de
1695 3326 1846 3371 Poetis
1868 3325 2005 3371 verba
2020 3323 2132 3385 quid

1251 3389 1524 3448 significent,
1551 3387 1688 3433 xxvii.
1713 3398 1817 3445 551.
1850 3387 1899 3430 in
1930 3385 2133 3444 philoso-

1249 3450 1397 3509 phicis
1425 3448 1624 3508 jejunior
1658 3463 1685 3492 a
1714 3447 1924 3491 Lucretio
1960 3444 2130 3498 habita,

1248 3526 1385 3555 xxxv.
1403 3521 1505 3568 709.
1542 3507 1691 3552 Latini
1702 3506 1972 3552 recentiores
1987 3520 2132 3565 quan-

1248 3578 1350 3615 tum
1371 3569 1565 3628 Virgilio
1588 3567 1842 3620 debuerint,
1863 3567 1926 3611 xl.
1945 3567 2049 3611 802.

1187 3631 1384 3676 Lavinia
1404 3630 1616 3674 Turnum
1645 3627 1945 3679 adamaverat,
1975 3624 2130 3671 xxxvi.

1250 3702 1353 3750 725.
