2288 4036
306 201 417 254 588
512 199 832 272 Euripidem
856 199 1110 254 nonnulla
1134 198 1295 271 plebis
1320 218 1479 254 causa
1490 219 1740 272 peccasse.
1782 220 2112 257 PRAEL.XX1X.

306 367 442 407 rum
480 349 712 409 caedem
748 348 880 425 jam
917 345 1182 415 efferata,
1215 345 1581 405 sententiola
1620 353 1825 404 tamen
1868 365 1975 405 sua
2015 366 2111 406 ca-

305 468 438 507 rere
469 443 804 525 nequeatf‘?
1890 449 1898 458 '

609 572 679 617 καὶ
698 570 902 628 μανθάνω
923 569 1017 627 μὲν,
1041 567 1112 615 οἷα
1134 570 1243 629 δρᾷν
1262 569 1416 628 μέλλω
1438 570 1560 614 κακά·

611 646 747 703 θυμὸς
768 645 816 689 δὲ
838 644 1061 703 κρείσσων
1082 649 1167 688 τῶν
1190 644 1303 702 ἐμῶν
1323 643 1652 700 βουλευμάτων,

607 718 751 778 ὅσπερ
773 718 997 779 μεγίστων
1018 716 1155 764 αἴτιος
1175 722 1317 762 κακῶν
1337 719 1531 776 βροτοῖς.

394 833 702 892 Sexcenta
727 833 1027 912 ejusmodi
1054 833 1214 910 apud
1242 832 1597 910 Euripidem
1627 832 1934 902 invenias3
1965 851 2111 909 quo-

306 952 441 990 rum
507 952 628 990 una
694 934 1031 1009 eademque
1092 933 1363 990 omnium
1426 932 1667 989 videtur
1725 950 1854 990 esse
1914 930 2108 1008 culpa,

306 1034 532 1091 narrari
558 1033 844 1092 videlicet
879 1053 1008 1091 rem
1029 1052 1347 1109 quamque,
1369 1052 1489 1090 non
1523 1051 1722 1090 coram
1755 1032 1886 1110 agi:
1933 1030 2110 1108 plane

307 1132 464 1190 sicut
508 1150 639 1189 mos
680 1139 773 1189 est
814 1131 932 1189 illis
965 1131 1066 1208 qui
1107 1132 1356 1208 picturae
1397 1131 1756 1188 rudimentis
1788 1131 1935 1188 dant
1971 1149 2112 1207 ope-

306 1250 470 1300 ram3
531 1250 672 1288 nam
731 1231 934 1289 audivi
992 1231 1220 1307 saepius
1271 1250 1406 1288 cum
1462 1230 1733 1287 dicerent
1785 1232 1913 1306 ejus
1964 1229 2110 1286 artis

305 1329 502 1407 periti,
534 1349 655 1387 non
687 1329 804 1388 alia
835 1330 1025 1387 ferme
1056 1349 1120 1387 re
1150 1329 1343 1407 magis
1373 1348 1623 1407 peccare
1653 1329 1896 1397 tirones,
1928 1346 2110 1404 quam

306 1430 466 1506 quod
501 1430 774 1487 omnium
811 1449 1013 1487 rerum
1045 1429 1274 1507 effigies
1318 1429 1390 1488 iis
1434 1429 1758 1486 informare
1802 1427 1974 1486 lineis
2018 1446 2111 1485 so-

306 1528 491 1598 leant,
537 1548 686 1605 quas
731 1529 1011 1586 noverint
1055 1548 1264 1586 revera
1309 1529 1600 1605 cujusque
1649 1547 1780 1586 esse
1823 1528 2110 1604 proprias»,

306 1647 427 1686 non
475 1628 566 1696 iis,
612 1646 759 1703 quas
805 1646 1005 1684 coram
1057 1626 1246 1684 oculis
1288 1628 1409 1685 suis
1452 1627 1713 1686 videant.
1804 1626 2001 1695 Error,
2038 1633 2110 1684 ut

305 1733 474 1804 puto,
507 1745 715 1783 eorum
749 1731 841 1782 est
873 1724 1208 1796 hominum,
1236 1726 1337 1802 qui
1369 1726 1664 1804 ingeniosi
1695 1724 1931 1783 malunt
1962 1744 2109 1795 esse,

307 1843 488 1901 quam
520 1823 841 1901 simplices.

392 1922 655 1982 Accedit
687 1924 848 2002 quod
882 1923 1202 2002 Euripides
1249 1931 1473 1994 noster,
1511 1925 1636 1984 sive
1681 1923 1866 1984 animi
1913 1945 2108 1996 causa,

306 2022 432 2081 sive
471 2023 557 2097 (id
594 2024 755 2099 quod
801 2024 993 2101 magis
1038 2024 1420 2098 crediderim)
1454 2031 1700 2101 propt-er
1738 2043 1875 2083 suos
1911 2023 2110 2083 Athe-

305 2123 562 2190 nienses,
587 2121 757 2180 nulla
779 2123 969 2180 ferme
989 2121 1306 2201 Tragoedia
1335 2143 1455 2181 non
1488 2124 1708 2201 saepius
1732 2124 1930 2202 tangit
1953 2143 2109 2181 rem-

305 2220 612 2299 publicam
646 2241 779 2280 eam
814 2241 946 2298 quae
978 2229 1125 2278 tunc
1162 2228 1326 2290 erat3
1372 2222 1419 2279 si
1458 2241 1576 2278 non
1613 2222 1784 2298 justo
1816 2239 2109 2289 sermone,

305 2327 370 2378 at
393 2321 677 2378 brevibus
702 2328 867 2379 certe
891 2320 1010 2378 illis
1035 2328 1098 2377 et
1125 2321 1319 2378 acutis
1350 2320 1684 2378 sententiis
1773 2319 1814 2377 J
1817 2339 1914 2378 am
1947 2319 2110 2377 enim

306 2438 588 2497 arrogans
631 2419 736 2476 ille
783 2418 976 2487 Δῆμος
1022 2420 1314 2477 morosior
1358 2426 1648 2489 evaserat,
1686 2438 1868 2496 quam
1913 2418 2110 2476 fuerat

307 2517 625 2595 Sophoclis
656 2526 719 2575 et
749 2517 1018 2596 AEschyli
1062 2518 1454 2595 temporibuS‚
1493 2538 1692 2594 neque
1737 2517 1913 2576 facile
1958 2517 2112 2574 fere-

305 2617 411 2675 bat
443 2617 644 2674 omitti
675 2616 865 2675 ullam
897 2617 988 2674 sui
1019 2615 1304 2674 laudandi
1336 2615 1730 2673 occasionem.
1800 2614 1912 2673 Isti
1943 2614 2109 2691 quasi

305 2714 541 2773 libidini
588 2715 1054 2791 obtemperavit,
1098 2720 1170 2771 ut
1215 2707 1436 2790 potum
1482 2713 1834 2791 Euripides:
1889 2732 2109 2791 magno

306 2834 449 2873 sane
489 2813 825 2893 Tragoediae
872 2814 1275 2882 detriment03
1324 2813 1619 2888 siquidem
1666 2812 1951 2871 credibile
1996 2818 2108 2880 est,

306 2914 367 2972 id
413 2914 679 2972 maxime
709 2913 772 2970 in
803 2931 982 2970 causa
1012 2912 1214 2980 fuisse,
1248 2931 1355 2969 cur
1398 2912 1460 2969 in
1490 2911 1921 2970 Andromache
1966 2931 2112 2989 neg-

305 3011 527 3071 lexerit
585 3032 755 3089 paene
815 3010 1034 3070 fabulae
1093 3019 1520 3089 argumentum
1574 3011 1738 3068 omni
1791 3010 2110 3068 affectione

305 3109 575 3187 plenum,
610 3110 890 3187 Spartam
939 3111 1237 3186 praecipue
1283 3111 1582 3168 curaverit
1613 3108 1985 3167 contumelia
2026 3107 2111 3166 la-

308 3208 689 3278 cessendam3
721 3209 909 3266 curin
934 3208 1322 3285 supplicibus
1344 3208 1579 3285 prolixe
1603 3215 1666 3266 et
1690 3208 1961 3284 impense
1984 3206 2112 3264 lau-

309 3307 415 3365 det
451 3306 803 3384 popularem
848 3306 1194 3383 reipublicae
1239 3313 1484 3375 statum,
1522 3326 1647 3364 rem
1689 3306 1880 3383 ipsam
1919 3305 2110 3363 levius

310 3406 601 3484 tetigerit,
633 3405 1032 3463 miserrimam
1063 3406 1306 3482 quidem
1354 3405 1521 3464 illam
1559 3413 1623 3463 et
1657 3400 2107 3485 τραγικωτάτην.

1050 3623 1068 3655 f
1096 3624 1220 3669 Med.
1249 3635 1380 3683 1074.
