2288 4036
324 81 432 133 422
689 79 1047 135 Ewmenidum
1071 78 1180 145 ira,
1216 78 1435 135 Tartari
1458 81 1723 154 ffleoimm.
1802 100 1960 135 PRAEL.
1987 96 2122 135 xxn.

323 247 423 287 sus
453 228 766 287 hominum
797 235 1026 307 tangat.
1117 227 1241 287 Sed
1267 228 1624 307 AEschylum
1653 228 1847 306 majus
1876 225 2121 305 aliquod

323 327 618 406 cogitasse
648 346 830 404 quam
874 346 982 404 pro
1028 326 1191 385 nuda
1219 328 1562 386 narratione
1599 326 1856 406 vulgaris
1886 325 2124 394 fabulae,

322 425 419 484 vel
468 444 541 484 eo
586 432 842 496 constat,
887 426 1049 503 quod
1096 426 1161 483 in
1213 433 1449 503 partem
1501 425 1664 485 illius
1702 427 1984 486 vindictae
2021 444 2125 484 ve-

321 524 500 583 niunt
529 525 713 583 etiam
743 542 941 602 poenae
972 530 1110 602 post
1141 531 1401 583 mortem
1434 521 1854 602 expetendae¹:

684 645 792 706 ὄψει
814 647 879 700 δὲ,
902 645 938 691 κ’
962 644 1067 693 εἴτις
1086 645 1227 693 ἀλλὸν
1248 648 1400 719 ἤλιτεν
1418 649 1610 706 βροτῶν,

681 720 708 780 ἢ
730 721 846 776 θεὸν,
868 720 893 779 ἢ
916 721 1043 779 ξένον

683 796 761 842 τιν’
783 797 977 852 ἀσεβῶν,
999 795 1025 854 ἢ
1047 795 1200 843 τοκέας
1221 795 1405 855 φίλους,

683 867 827 931 ἔχονθ’
850 871 1037 918 ἕκαστον
1058 874 1134 930 τῆς
1154 871 1275 929 δίκης
1297 870 1471 928 ἐπάξια.

320 983 520 1044 Immo
557 986 743 1043 etiam
782 987 857 1044 ad
902 985 1032 1045 haec
1077 985 1328 1054 inferna,
1361 985 1527 1062 quasi
1568 985 1646 1044 ad
1690 1004 1819 1054 rem
1851 985 2123 1044 omnium

312 1085 704 1164 praecipuam,
737 1086 987 1145 festinat
1018 1086 1466 1164 quodammodo
1498 1105 1706 1144 earum
1739 1086 1948 1155 oratio,
1980 1085 2127 1144 levi-

317 1193 414 1244 ter
456 1186 658 1255 modO,
689 1192 980 1263 tanquam
1013 1187 1075 1245 in
1106 1186 1398 1256 transitu,'
1418 1187 1770 1245 memoratis
1799 1186 1931 1246 istis
1961 1186 2125 1244 vivae

317 1303 452 1342 rum
505 1285 891 1344 victimarum
943 1285 1138 1365 epulis
1163 1305 1177 1356 ;
1251 1305 1507 1363 quarum
1558 1306 1800 1364 quoque
1858 1287 2124 1364 ipsarum

316 1403 389 1442 ea
441 1390 532 1442 est
576 1385 746 1453 rati0‚
788 1394 860 1444 ut
904 1385 1083 1445 facile
1132 1385 1282 1444 scias
1328 1386 1453 1444 dari
1507 1405 1617 1463 per
1663 1405 1764 1445 eas
1817 1385 2125 1464 specimen

315 1483 500 1542 animi
531 1484 899 1544 tabescentis
930 1486 1223 1544 memoria
1253 1485 1550 1544 scelerum
1569 1494 1644 1544 ¹1¹:

678 1613 797 1655 οὔτοι
820 1609 864 1656 σ’
885 1609 1124 1656 Ἀπόλλων
1146 1609 1236 1655 οὐδ’
1257 1609 1493 1668 Ἀθηναίας
1514 1610 1674 1658 σθένος

676 1684 850 1744 ῥύσαιτ’
871 1682 940 1738 ἂν,
964 1687 1082 1731 ὥστε
1103 1685 1161 1743 μὴ
1184 1686 1237 1730 οὗ
1257 1685 1624 1745 παρημελημένον

676 1758 833 1819 ἕῤῥειν,
856 1760 906 1803 τὸ
927 1759 1100 1819 χαίρειν
1120 1758 1178 1818 μὴ
1200 1759 1383 1818 μάθονθ’
1407 1759 1521 1805 ὅπου
1542 1762 1734 1821 φρενῶν,

675 1832 912 1892 ἀναίματον
931 1834 1157 1892 βόσκημα,
1182 1832 1400 1892 δαιμόνων
1422 1834 1543 1879 σκία.

315 1936 560 1999 Videtis
589 1960 711 1998 non
743 1947 871 1998 tam
900 1939 1150 1999 consilio
1176 1941 1465 2019 justaque
1497 1940 1651 2020 lege,
1685 1957 1867 2019 quam
1900 1940 2124 2000 affectu

228 2102 230 2104 ,
311 2039 495 2097 animi
540 2039 993 2099 vehementiore
1038 2059 1168 2099 rem
1213 2041 1341 2119 geri
1367 2060 1380 2099 ε
1433 2061 1553 2119 quo
1598 2040 1978 2099 commodius
2022 2041 2126 2099 ad-

311 2137 595 2198 hibeatur
639 2140 745 2199 illa
783 2140 1138 2200 venantium
1187 2160 1408 2199 canum
1459 2139 1814 2212 similitudo,
1863 2140 2126 2201 solennis

300 2235 432 2312 jam
464 2236 654 2295 ferme
683 2237 747 2295 in
779 2236 895 2296 hoc
926 2239 1173 2317 negotio
1196 2244 1259 2297 ¹¹:

672 2360 778 2420 ὄναρ
801 2361 970 2408 διώκεις
991 2360 1117 2419 θῆρα,
1140 2362 1420 2422 κλαγγαίνεις
1441 2360 1479 2407 δ’
1500 2360 1613 2422 ἅπερ

674 2435 800 2490 κύων,
822 2436 1035 2496 μέριμναν
1056 2435 1204 2482 οὔποτ’
1229 2436 1420 2483 ἐκλίπων
1439 2439 1593 2484 πόνου.

395 2538 509 2599 Est
545 2542 730 2600 etiam
767 2542 873 2600 ubi
920 2542 1229 2613 docemur,
1263 2544 1444 2602 unico
1489 2562 1729 2621 prorsus
1766 2543 1941 2623 fungi
1987 2543 2122 2604 illas

307 2659 624 2718 poenarum
669 2641 1107 2720 exigendarum
1149 2642 1367 2713 officiO,
1397 2662 1597 2720 neque
1642 2643 1705 2701 in
1750 2643 1916 2702 aliud
1947 2644 2121 2722 quid-

310 2760 491 2819 quam
526 2742 710 2810 nasci,
742 2760 924 2817 quam
955 2748 1026 2799 ut
1056 2761 1264 2801 severe
1296 2762 1436 2800 cum
1468 2743 1815 2803 facinorosis
1847 2752 2032 2825 agant
2052 2753 2116 2800 0:

644 2897 651 2905 ·
671 2869 813 2910 κακῶν
834 2864 871 2910 δ’
895 2864 1014 2911 ἕκατι
1036 2864 1272 2926 κᾴγένοντ’·
1307 2866 1403 2911 ἐπεὶ
1424 2867 1556 2912 κακὸν

674 2941 835 2984 σκότον
855 2939 1072 2998 νέμονται,
1097 2941 1324 3000 Τάρταρόν
1345 2939 1382 2985 τ’
1404 2941 1490 2986 ὑπὸ
1511 2940 1689 3000 χθονὸς,

670 3011 880 3073 μισήματ’
903 3014 1074 3074 ἀνδρῶν
1094 3014 1165 3059 καὶ
1187 3013 1297 3059 θεῶν
1316 3012 1588 3072 Ὀλυμπίων.

310 3129 476 3200 Quin
507 3135 570 3187 et
610 3128 752 3206 ipsae
783 3147 1023 3206 quoque
1064 3126 1381 3187 cantilenis
1426 3128 1548 3187 suis
1585 3147 1720 3186 eam
1749 3126 1940 3186 solam
1970 3148 2112 3188 auc-

308 3230 623 3289 toritatem
669 3228 781 3286 sibi
828 3228 1152 3298 vindicant,
1192 3249 1329 3306 quae
1378 3235 1651 3288 versatur
1694 3228 1758 3285 in
1803 3230 2112 3289 sumendis

309 3329 632 3408 suppliciis,
665 3334 729 3386 et
768 3329 831 3386 in
871 3328 1058 3387 tacita
1093 3329 1352 3406 quadam
1399 3330 1750 3388 nocentium
1783 3329 1951 3407 quasi
1983 3349 2110 3388 car—

374 3510 385 3538 ¹
410 3510 542 3554 Eum.
569 3508 669 3568 269.
847 3515 877 3534 ¹¹¹
898 3509 1013 3554 Ibid.
1041 3523 1143 3568 299.
1317 3517 1337 3535 ¹¹
1368 3509 1484 3555 Ibid.
1513 3524 1613 3568 131.
1783 3516 1801 3534 ⁰
1833 3509 1948 3555 Ibid.
1974 3521 2046 3569 71.
