2288 4036
219 180 326 236 756
569 184 783 236 Tamari
814 183 1095 255 Viryvilium
1122 185 1265 237 ruris
1292 185 1560 250 desiderio,
1641 206 2021 239 PRAEL.XXXV11.

221 335 319 386 cet
367 327 613 386 latentis
666 329 928 388 fiammae
979 332 1209 389 semina
1262 332 1571 402 elicuerat,
1617 341 1687 391 ut
1736 334 1823 404 fit,
1868 336 2022 412 peri-

221 426 426 485 culum
481 435 655 485 atrox
708 436 771 486 et
824 449 1024 507 grave,
1077 449 1262 507 prope
1318 432 1534 501 visum,
1588 433 1879 508 tenuique
1941 434 2027 490 vi-

221 533 419 584 tatum
475 526 854 586 discrimine:
923 527 1130 604 itaque
1182 537 1399 605 praeter
1459 529 1700 588 solitam
1758 531 2026 589 dulcedi-

221 643 380 692 nem,
428 643 579 682 carae
621 626 752 701 jam
805 626 946 683 inde
998 645 1068 684 ac
1114 627 1485 686 venerabiles
1534 647 1662 686 esse
1712 635 2024 705 coeperunt

221 723 476 802 singulae
530 743 639 793 res,
691 745 823 802 quae
875 726 949 783 ad
1003 725 1266 803 agellum
1320 726 1491 784 illum
1543 747 1784 804 quoquo
1836 727 2018 785 modo

217 824 624 899 pertinebant.
717 823 1070 906 Pertinebat
1114 834 1339 894 autem,
1372 826 1420 883 si
1453 826 1598 902 quid
1632 846 1883 902 usquam
1934 845 2025 883 re-

220 922 477 981 vocabat
508 923 836 1001 imaginem
870 924 998 1000 ejus
1031 932 1093 981 et
1122 924 1496 992 memoriam,
1530 925 1842 1000 omnisque
1873 943 2025 1000 prae-

221 1022 427 1079 sertim
475 1022 561 1079 rei
607 1022 864 1090 rusticae,
899 1024 1157 1098 vitaeque
1203 1022 1507 1098 sylvestris
1552 1030 1799 1080 ornatus
1831 1030 1893 1079 et
1930 1041 2027 1078 su-

220 1120 441 1198 pellex.
515 1120 776 1179 Proinde
805 1141 996 1200 genus
1036 1121 1185 1179 illud
1217 1122 1566 1179 universum
1598 1129 2022 1199 prosecuturus

221 1226 350 1278 erat
385 1219 681 1298 Virgilius
723 1239 795 1278 ea
829 1220 1030 1298 (paene
1068 1220 1291 1295 dicam)
1328 1219 1636 1299 religione,
1668 1240 1786 1297 qua
1830 1220 2022 1278 teneri

220 1318 418 1378 solent
463 1320 692 1378 cordati
739 1321 944 1397 piique
974 1320 1101 1389 viri,
1135 1320 1182 1377 si
1215 1338 1415 1396 quem,
1448 1319 1692 1378 favente
1730 1319 2022 1388 Numine,

218 1421 438 1490 praeter
495 1434 663 1492 spem
724 1416 1163 1493 recupaverint,
1211 1415 1336 1473 sive
1385 1414 1677 1473 dilectum
1731 1435 1837 1473 seu
1889 1435 2024 1492 pro-

217 1511 533 1588 pinquum.

317 1609 419 1669 Ne
463 1611 694 1671 multa:
745 1613 901 1671 sicut
946 1612 1234 1671 credibile
1275 1621 1386 1680 est,
1420 1612 1750 1691 Virgilium
1796 1612 1871 1670 ad
1916 1613 2022 1670 AE-

217 1709 397 1768 neida
427 1711 802 1769 scribendam
838 1713 1173 1782 accessisse,
1205 1731 1282 1769 ne
1312 1712 1545 1770 nullam
1589 1711 1810 1770 redditi
1841 1711 2020 1790 agelli

218 1807 527 1867 videretur
582 1809 870 1889 Augusto
932 1811 1154 1869 referre
1212 1812 1508 1889 gratiam:
1578 1811 1661 1869 sic
1721 1810 2020 1889 Georgica

218 1926 359 1966 cum
390 1917 653 1977 caneret,
686 1910 1036 1968 versabatur
1076 1911 1139 1968 in
1182 1910 1370 1969 oculis
1416 1911 1755 1987 animoque,
1789 1911 2018 1987 opinor,

217 2008 488 2084 ejusdem
530 2008 711 2086 agelli
759 2016 1000 2067 tantum
1050 2030 1172 2068 non
1219 2011 1440 2079 amissi,
1478 2010 1730 2068 vixdum
1777 2010 2019 2087 penitus

215 2106 515 2185 pleneque
546 2109 784 2177 servati,
817 2110 1279 2185 praesentissima
1309 2130 1378 2168 ac
1410 2109 1755 2168 dulcissima
1790 2129 2022 2166 memo—

215 2208 334 2265 ria:
386 2227 505 2284 quo
537 2215 601 2265 et
637 2209 904 2266 tenerius
939 2216 1230 2267 tractaret
1261 2210 1479 2278 omnia,
1513 2216 1576 2266 et
1617 2208 1841 2266 arctius
1873 2228 2021 2285 quo-

215 2306 539 2364 dammodo
599 2306 1088 2384 amplecteretur.
1181 2307 1344 2365 Nam
1403 2316 1467 2365 et
1512 2307 1721 2366 viliora
1767 2326 2020 2384 quaeque

213 2425 391 2464 suum
435 2405 665 2464 habent
709 2407 992 2483 pretium,
1023 2407 1300 2483 fiuntque
1341 2426 1496 2475 cara,
1528 2406 1711 2482 siquis
1750 2425 1822 2464 ea
1858 2406 1915 2463 vi
1954 2414 2018 2464 et

212 2505 431 2581 injuria
454 2511 708 2563 conetur
731 2506 994 2583 eripere:
1037 2506 1264 2563 nedum
1295 2506 1531 2583 paterni
1558 2504 1743 2563 Lares
1767 2512 1830 2562 et
1861 2525 2016 2572 rura,

213 2611 276 2678 et
317 2603 668 2661 suavissima
707 2604 813 2663 illa
844 2604 1195 2663 deliciarum
1237 2605 1584 2683 agrestium,
1626 2604 1887 2661 fontium
1930 2621 2022 2661 sa-

214 2721 470 2770 crorum,
503 2709 784 2760 notorum
819 2702 1140 2760 fluminum
1171 2722 1332 2760 aura.

301 2801 367 2859 Si
413 2809 758 2878 quaerantur
802 2803 1116 2880 exempla3
1172 2809 1243 2859 ut
1297 2802 1651 2860 omittamus
1702 2801 2016 2859 notissima

211 2899 316 2958 illa
346 2901 408 2958 in
441 2901 745 2960 Bucolicis
764 2898 811 2972 ¹³,

456 3026 702 3073 Fortunate
724 3041 875 3079 senex,
898 3041 1007 3085 ergo
1028 3034 1108 3071 tua
1129 3041 1235 3071 rura
1254 3025 1506 3070 manebunt
1524 3042 1535 3069 ι

213 3096 275 3146 et

455 3170 524 3215 Ite
544 3186 674 3224 meae,
697 3170 930 3231 quondam
950 3170 1057 3215 felix
1079 3185 1233 3229 pecus,
1255 3171 1316 3215 ite
1338 3170 1518 3228 capellae
1538 3186 1549 3213 z

211 3290 331 3346 quo
376 3269 578 3327 animo
623 3271 852 3346 putatis
898 3289 1038 3327 eum
1085 3269 1366 3327 incidisse
1410 3270 1473 3326 in
1521 3267 1796 3326 Mantuae
1844 3285 2014 3324 men-

209 3369 457 3437 tionem,
491 3388 631 3427 cum
664 3369 999 3446 disputaret
1031 3369 1106 3426 de
1137 3387 1416 3426 arvorum
1448 3362 1778 3445 ingeniisl?

450 3485 603 3531 Saltus
626 3493 670 3531 et
693 3487 834 3531 saturi
856 3487 996 3545 petito
1017 3487 1270 3546 longinqua
1291 3486 1491 3539 Tarenti,

325 3607 343 3632 ¹¹
364 3608 467 3652 Ecl.
498 3623 535 3652 1.
561 3620 635 3667 47.
1367 3609 1381 3639 l
1408 3610 1565 3665 Geory.
1593 3622 1633 3652 2.
1664 3619 1762 3666 197.
