2288 4036
241 272 614 306 PRAEt.xxxvi1.
690 252 921 322 Mir-{fice
946 270 1056 304 eum
1078 269 1190 303 cum
1217 250 1397 302 colonis
1420 251 1615 303 sentire.
1890 253 1996 306 743

241 400 328 456 nis
372 406 509 456 sunt
552 400 690 473 ipsis
734 399 794 454 in
840 416 956 453 ore.
1049 396 1412 463 Diluculum‚
1447 396 1607 453 verbi
1650 398 1862 472 gratia,
1904 396 1994 453 his

239 496 444 571 incipit
475 495 791 571 depingere
812 490 870 550 b:

592 629 717 672 Dum
738 643 867 672 mane
887 642 1071 680 novum,
1094 627 1203 670 dum
1225 627 1428 684 gramina
1448 633 1623 670 canent.

237 744 436 813 Bene3
474 745 574 802 sed
606 765 780 802 nemo
804 764 919 802 non
945 745 1186 802 eadem:
1231 744 1494 799 nondum
1526 742 1812 800 habemus
1831 743 1988 816 quod

234 842 534 917 proprium
558 844 632 900 sit
662 842 956 920 agricolae.
1026 839 1346 898 Attendite
1371 859 1524 907 vero,
1557 840 1697 916 quid
1721 839 1990 916 proxime

233 949 545 1014 sequatur:

469 1061 528 1106 Et
549 1076 621 1106 ros
644 1062 688 1105 in
711 1069 861 1106 tenera
881 1062 1027 1118 pecori
1049 1060 1329 1118 gratissimus
1349 1059 1500 1104 herba.

233 1177 471 1236 Videtis
506 1176 666 1251 loqui
698 1177 793 1234 vel
824 1177 1131 1234 custodem
1162 1176 1256 1233 vel
1302 1183 1463 1233 certe
1498 1174 1847 1251 magistrum
1890 1194 1990 1250 pe-

228 1293 454 1331 corum.
547 1274 738 1331 Addit
769 1275 982 1330 deinde
1011 1280 1144 1348 post
1173 1272 1389 1348 pau110,
1421 1272 1624 1329 adulta
1642 1273 1769 1347 jam
1802 1272 1915 1338 die,

645 1396 739 1440 Ubi
760 1403 916 1454 quarta
937 1396 1055 1439 sitim
1078 1395 1172 1439 caeli
1195 1395 1420 1453 collegerit
1439 1395 1563 1447 hora,

466 1468 524 1511 Et
546 1475 680 1512 cantu
703 1469 899 1527 querulae
920 1474 1129 1525 rumpent
1149 1468 1332 1512 arbusta
1353 1467 1532 1511 cicadae.

230 1571 457 1628 Iterum
501 1592 780 1649 agnoscas
809 1593 920 1631 usu
950 1574 1246 1640 edoctum,
1278 1573 1418 1648 quid
1456 1573 1532 1629 sit
1568 1571 1833 1629 laborare
1877 1569 1986 1627 sub

228 1668 456 1725 ardenti
481 1669 620 1737 sole,
641 1671 874 1745 quando
898 1678 1064 1728 aestas
1083 1671 1264 1745 coepit
1289 1689 1414 1727 esse
1438 1668 1741 1726 molestior
1761 1687 1774 1735 ;
1806 1686 1985 1743 quam

227 1765 454 1822 soleant
486 1766 763 1825 subirasci
793 1768 1062 1824 homines
1096 1768 1274 1824 modo
1308 1767 1436 1842 jam
1481 1765 1849 1843 languenteS,
1881 1784 1984 1822 seu

227 1863 478 1920 viatores
522 1864 643 1920 sive
674 1866 936 1940 operarii,
968 1866 1306 1940 importuna
1343 1864 1446 1922 illa
1475 1872 1537 1921 et
1566 1865 1728 1922 arida
1757 1863 1985 1921 cicada-

227 1980 357 2016 rum
392 1980 553 2018 voce.

311 2057 639 2116 Veniamus
669 2059 742 2115 ad
776 2058 1167 2116 meridianum
1200 2066 1436 2134 tempus
1456 2066 1496 2114 ⁰.

457 2185 486 2229 J
490 2200 562 2229 am
583 2185 764 2243 rapidus
785 2193 959 2230 torrens
981 2186 1178 2230 sitientes
1202 2185 1344 2230 Sirius
1369 2185 1508 2230 Indos
1534 2187 1536 2189 ’

456 2257 654 2302 Ardebat
666 2276 679 2310 3
715 2259 826 2302 coelo
847 2265 889 2302 et
911 2258 1109 2302 medium
1132 2258 1210 2303 Sol
1229 2259 1389 2317 igneus
1411 2258 1566 2303 orbem

462 2330 710 2375 Hauserat:
744 2331 926 2376 arebant
946 2331 1110 2376 herbae.

224 2445 394 2502 Nihil
439 2446 647 2513 adhuc,
689 2447 845 2521 quod
890 2447 1176 2504 rusticum
1226 2449 1518 2523 praecipue
1564 2448 1768 2523 sapiat.
1858 2447 1977 2506 Sed

221 2543 449 2619 pergite
478 2543 688 2600 modo:
1950 2539 1952 2541 '

846 2648 906 2692 Et
926 2663 1032 2693 cava
1052 2649 1239 2693 flumina
1260 2649 1388 2693 siccis

455 2721 675 2766 Faucibus
697 2721 754 2765 ad
774 2722 934 2766 limum
954 2721 1065 2766 radii
1084 2723 1300 2780 tepefacta
1321 2722 1582 2781 coquebant-

200 2824 441 2892 Potuit,
486 2826 677 2891 cred0‚
722 2825 1055 2901 pulchriora
1098 2825 1187 2882 his
1230 2826 1488 2901 proferre
1520 2825 1825 2903 Virgilius,
1871 2827 1974 2883 sed

216 2921 426 2978 iisdem
469 2922 714 2979 fortasse
758 2922 1267 2998 circumspiciebat
1313 2921 1512 2990 oculiS,
1544 2929 1723 2999 atque
1766 2924 1826 2992 ii,
1871 2924 1973 2999 qui

214 3019 490 3095 gregibus
531 3019 649 3076 suis
685 3020 934 3075 nimium
966 3019 1120 3076 Solis
1158 3020 1426 3076 ardorem
1470 3026 1783 3077 metuunt:
1830 3040 1975 3096 quo-

214 3134 345 3171 rum
397 3116 574 3173 etiam
629 3135 819 3173 sermo
871 3117 1021 3174 solet
1072 3117 1215 3175 talia
1266 3118 1466 3175 omnia
1514 3118 1576 3174 in
1626 3118 1816 3193 majus
1868 3137 1973 3174 ex-

215 3211 442 3269 tollere.

298 3308 572 3384 Denique
622 3328 698 3366 ne
751 3329 956 3386 vesper
1008 3312 1338 3380 omittatur,
1392 3311 1678 3369 habemus
1734 3311 1967 3387 proprie

213 3422 465 3479 vereque
485 3403 901 3481 Virgilianum.
970 3406 1187 3483 Ecquis
1218 3409 1376 3466 enim
1406 3415 1622 3483 praeter
1641 3406 1965 3484 Virgilium

357 3586 375 3611 ¹³
401 3588 551 3644 Geory·
577 3603 619 3646 3.
643 3599 747 3648 325.
1374 3597 1392 3619 ‘²
1415 3592 1525 3636 Ibid.
1549 3607 1591 3646 4.
1615 3602 1718 3646 425.
