2288 4036
238 309 481 342 mann.
577 289 774 340 similia
798 289 950 340 etiam
975 289 1031 338 in
1057 295 1260 356 utroque
1278 305 1450 356 yenere
1474 288 1707 338 remedia.
1876 289 1983 342 817

237 433 609 491 condemnari
659 432 842 487 nostis
888 432 1223 506 turpissima
1271 431 1530 485 omnium
1581 437 1739 485 nota.
1808 428 1984 485 Ύπο-

236 529 415 607 κριταὶ
465 528 741 584 videlicet
786 527 1171 602 appellantur,
1217 525 1500 582 translato
1541 526 1614 581 de
1658 545 1831 582 scena
1882 545 1985 582 no-

234 627 427 682 mine:
474 643 547 680 ex
593 644 708 698 quo
755 623 1049 699 intelligas
1093 622 1250 687 licet,
1298 629 1364 678 ut
1407 623 1568 678 hisce
1613 622 1862 688 virtutiS‚
1899 624 1985 679 ita

235 721 447 775 nostris
485 719 820 775 hominibus
852 717 1108 774 Poeseos
1138 717 1406 773 umbram
1450 717 1632 773 solam
1671 718 1891 784 adesse,
1921 737 1983 774 re

236 816 361 890 ipsa
391 815 795 871 remotissima.

316 906 452 968 Jam
498 911 598 966 ubi
644 911 918 966 vitiorum
965 918 1130 966 tauta
1173 918 1262 966 est
1303 910 1622 975 consensio,
1669 909 1749 965 ibi
1782 910 1984 965 viden-

233 1009 394 1074 dum,
426 1027 498 1064 au
538 1008 796 1064 remedia
832 1008 1011 1063 etiam
1050 1008 1167 1063 sint
1210 994 1405 1081 aliqua
1435 1026 1509 1061 ex
1542 1014 1708 1080 parte
1753 1006 1981 1062 similia.

233 1104 367 1172 Quo
407 1104 465 1160 in
513 1103 641 1160 loco
678 1103 822 1160 illud
869 1104 1268 1179 praecipuum3
1314 1103 1535 1160 Cavete
1566 1103 1787 1178 putetis
1819 1103 1986 1177 quid-

233 1221 409 1276 quam
459 1202 552 1277 agi
598 1201 933 1258 laudatione
964 1200 1102 1267 sola,
1134 1220 1195 1256 re
1227 1208 1288 1256 et
1319 1200 1549 1257 actione
1585 1201 1981 1274 praetermissa.

237 1297 453 1372 Neque
504 1299 659 1354 enim
713 1306 874 1354 vates
920 1316 1177 1371 unquam
1232 1297 1344 1352 erit
1396 1297 1680 1371 egregiuS,
1719 1296 1817 1369 qui
1867 1315 1983 1351 non

233 1394 461 1451 assidue
522 1395 848 1450 versabitur
899 1394 959 1449 in
1011 1393 1172 1449 omni
1224 1393 1334 1449 hac
1386 1392 1515 1449 caeli
1574 1412 1643 1448 ac
1696 1400 1983 1448 terrarum

234 1489 687 1563 pulchritudine,
719 1509 788 1545 ea
824 1496 1040 1555 mente,
1073 1496 1140 1544 ut
1173 1489 1368 1544 omnia
1399 1496 1459 1543 et
1490 1487 1719 1563 singula
1749 1488 1821 1543 ad
1853 1506 1983 1544 eam

233 1594 459 1660 partem
493 1594 815 1652 convertat,
847 1605 963 1660 quo
1004 1586 1211 1642 tendat
1255 1586 1379 1660 ipse
1420 1604 1651 1659 semper
1694 1566 1891 1641 amore
1923 1592 1984 1640 et

234 1681 461 1738 studio:
500 1700 692 1755 neque
732 1683 790 1736 in
836 1682 1059 1755 pietate
1099 1688 1161 1737 et
1202 1681 1516 1737 sanctitate
1560 1680 1842 1755 proficiet,
1884 1680 1984 1754 qui

232 1777 358 1852 pios
388 1796 489 1834 seu
521 1777 699 1834 libros
729 1779 850 1834 sive
880 1778 1148 1834 homines
1178 1786 1566 1852 prosequetur
1596 1777 1984 1833 admiratione

233 1876 484 1949 quadam
516 1876 741 1951 ignava,
772 1876 987 1931 imitari
1034 1874 1313 1950 negliget.
1401 1874 1636 1930 Deinde
1666 1873 1725 1929 in
1756 1893 1826 1930 ea
1854 1893 1986 1948 pro-

231 1971 436 2036 vincia,
460 1990 635 2046 quam
666 1990 784 2027 non
814 1971 1000 2028 invita
1032 1969 1305 2027 Minerva
1339 1969 1523 2027 semel
1551 1969 1662 2027 sibi
1693 1969 1981 2045 delegerit

230 2067 454 2141 aliquis,
464 2067 630 2123 fortis
647 2066 777 2123 volo
797 2066 872 2123 sit
891 2073 1070 2142 atque
1090 2073 1386 2132 constans;
1420 2084 1569 2122 neve
1589 2065 1704 2121 huc
1724 2065 1865 2122 illuc
1889 2085 1985 2121 vo-

230 2162 453 2220 litando
474 2163 622 2219 vires
646 2162 866 2239 ingenii
890 2162 1223 2239 profundat,
1245 2162 1483 2219 amittat
1503 2162 1786 2230 fructum;
1817 2180 1983 2228 neve,

230 2260 386 2334 quod
431 2260 774 2326 maximum,
806 2260 1049 2336 impuris
1080 2278 1240 2334 pura,
1273 2259 1370 2334 pia
1400 2259 1637 2315 nefariis
1668 2259 1983 2315 maculata

232 2355 511 2413 Viderint
554 2356 666 2412 hoc
712 2355 839 2424 sibi,
871 2357 970 2431 qui
1003 2356 1093 2412 vel
1139 2357 1198 2411 in
1241 2356 1362 2412 vita
1398 2357 1504 2411 viri
1550 2357 1858 2430 sapientes
1891 2357 1985 2412 vel

230 2453 291 2507 in
321 2453 551 2526 scriptis
581 2453 827 2509 evadere
852 2452 1036 2508 velint
1060 2453 1261 2508 eximii
1290 2451 1511 2509 Poetae.
1581 2451 1680 2508 Ad
1705 2461 1984 2526 utrosque

233 2548 450 2622 pariter
493 2548 827 2625 pertinebit,
859 2548 1012 2622 quod
1062 2547 1292 2612 dicitur,
1326 2547 1505 2604 “Hoc
1545 2568 1653 2624 age
1674 2550 1720 2606 :''
1764 2550 1838 2605 sit
1883 2549 1987 2605 ali-

234 2645 373 2717 quid
418 2662 603 2699 unum
647 2652 825 2719 atque
870 2644 1139 2719 simplex,
1170 2645 1326 2718 quod
1373 2644 1431 2700 in
1480 2645 1663 2701 oculis
1707 2652 1885 2720 atque
1925 2647 1984 2701 in

232 2740 428 2796 animo
460 2739 619 2795 omni
650 2747 917 2814 tempore
948 2740 1216 2797 teneatis

232 2822 237 2828 ’
317 2835 437 2892 Sed
477 2837 537 2891 in
582 2856 643 2892 re
687 2844 1005 2912 pervagata
1047 2835 1294 2893 fortasse
1341 2836 1506 2892 nimii
1551 2856 1750 2894 sumus
1789 2847 1851 2893 et
1898 2840 1981 2894 in-

233 2932 372 3005 epti.
454 2931 548 2987 Ac
580 2950 782 2988 vereor
811 2933 1084 3006 equidem
1115 2951 1189 2988 ne
1219 2933 1279 2988 in
1310 2950 1441 2987 eam
1472 2933 1983 3007 reprehensionem

232 3028 540 3082 incurrerit
591 3028 851 3083 maxima
909 3047 1039 3102 pars
1091 3046 1315 3093 eorum,
1361 3048 1488 3101 quae
1539 3029 1982 3103 disputavimus,

233 3121 429 3189 Quare
459 3129 527 3178 ut
557 3122 717 3196 operi
754 3123 994 3178 tandem
1023 3123 1294 3179 universo
1335 3123 1635 3198 fastigium
1669 3124 1984 3199 qualecun-

232 3236 346 3291 que
377 3217 692 3292 imponam,
718 3218 890 3273 simul
923 3237 996 3274 ne
1026 3237 1292 3293 perorem
1327 3219 1450 3274 sine
1484 3206 1651 3275 bonis
1672 3220 1981 3286 ominibus,

233 3313 517 3386 votisque,
550 3312 731 3387 (quod
772 3313 936 3368 illum
977 3321 1137 3369 certe
1174 3314 1417 3370 minime
1449 3315 1711 3370 omnium
1759 3316 1981 3382 deceat,

232 3425 409 3480 quem
441 3426 542 3463 vos
579 3414 640 3463 et
685 3408 991 3483 indignum
1036 3416 1203 3465 tanto
1250 3410 1534 3466 beneficio
1566 3411 1887 3476 ornavistis,
1921 3420 1982 3466 et

233 3502 426 3557 eidem
451 3503 791 3559 sustinendo
821 3504 1104 3578 imparem
1132 3505 1350 3561 tulistis
1379 3497 1525 3561 adeo
1557 3506 1814 3579 leniter,)
1835 3505 1982 3561 illud

232 3597 403 3654 unice
425 3597 894 3656 adolescentibus
921 3599 1072 3655 tradi
1103 3618 1170 3655 ac
1195 3600 1592 3657 commendari
1614 3601 1808 3667 velim,
1829 3601 1979 3656 Tum
2038 3597 2040 3599 ’

1051 3699 1087 3750 3
1120 3710 1164 3750 G
