2288 4036
316 202 429 253 558
447 199 643 254 Adesse
658 198 838 270 cuique
853 196 1004 268 apud
1015 196 1327 250 Pindarum
1341 196 1415 249 Μ
1410 212 1530 249 anes
1544 212 1769 249 suomaesm.
1787 213 2126 250 Pamnxxvn.

559 341 812 386 ὑπάντασεν
833 339 942 384 ἷόντι
963 341 1047 398 γᾶς
1067 339 1278 398 ὀμφαλὸν
1297 337 1400 398 παρ’
1423 337 1638 396 ἀοίδιμον,

559 413 871 471 μαντευμάτων
892 409 928 457 τ’
953 411 1169 471 ἐφάψατο
1191 412 1459 471 συγγόνοισι
1480 410 1669 471 τέχναις.

406 509 630 586 Neque
663 528 806 566 vero
839 506 998 566 solos
1030 526 1134 566 eos
1166 526 1317 583 quos
1349 506 1549 565 colere
1587 505 1822 565 solebat
1853 508 2131 568 universa

321 609 645 668 Graiorum
697 607 910 684 pietaS‚
966 626 1073 666 seu
1125 607 1294 666 Deos
1347 607 1473 665 sive
1528 605 1782 675 Heroas,
1837 613 2015 665 vocat
2066 607 2131 664 in

318 714 558 785 partem
597 705 968 782 quotidianae
1011 705 1151 764 vitae
1188 704 1416 776 Poeta3
1464 706 1610 782 quin
1655 712 1719 764 et
1764 706 1983 782 cuique
2028 706 2132 764 ad-

320 826 450 866 esse
491 805 811 863 confirmat
844 803 1067 863 Manes
1113 823 1379 874 suorum,
1421 804 1792 863 conscientia
1830 805 2131 863 duntaxat

318 904 476 963 bene
508 903 606 962 vel
636 903 797 962 male
828 904 1147 962 factorum.
1241 902 1465 981 Neque
1506 905 1765 962 acriores
1809 903 1982 962 novit
2027 903 2132 962 sti-

318 1002 519 1061 mulos
564 1022 716 1079 quos
764 1003 949 1062 addat
996 1002 1304 1082 generosis
1351 1003 1616 1073 athletis,
1663 1022 1846 1080 quam
1896 1003 2131 1080 siquem

319 1103 395 1161 de
447 1101 777 1179 majoribus
822 1121 1034 1160 eorum
1087 1102 1280 1180 possit
1325 1101 1402 1160 ab
1446 1101 1653 1161 inferis
1698 1102 1967 1160 excitare
2012 1109 2133 1160 tes-

318 1206 466 1269 tem,
500 1219 827 1278 coramque
864 1220 937 1259 eo
977 1219 1107 1259 rem
1152 1200 1250 1279 agi
1295 1199 1505 1279 fingat.
1596 1198 1814 1259 Gravis
1858 1200 2132 1277 profecto

318 1298 425 1357 illa
459 1318 599 1369 vox,
632 1306 696 1357 et
738 1300 1016 1377 proxime
1060 1301 1137 1359 ad
1183 1300 1627 1358 sanctissimam
1669 1298 1992 1357 veritatem
2036 1317 2134 1357 ac-

319 1398 560 1467 cedenS,
592 1417 725 1475 quae
769 1398 1027 1457 mortuis
1058 1417 1299 1476 quoque
1330 1398 1599 1456 vindicat
1630 1417 1803 1457 suam
1835 1404 1899 1455 et
1927 1397 2132 1476 gaudii

318 1502 384 1554 et
427 1495 634 1574 gloriae
679 1502 934 1574 partem,
967 1498 1206 1574 quoties
1237 1503 1605 1556 coronantur
1631 1496 1829 1568 liberi,
1860 1504 2132 1576 nepoteS,

317 1594 546 1672 posteri
568 1602 608 1653 θ.

626 1696 726 1744 ἐστι
748 1697 796 1743 δὲ
819 1697 891 1743 καί
910 1717 953 1743 τι
975 1697 1271 1745 θανόντεσσιν
1288 1698 1423 1758 μέρος

625 1771 704 1817 κὰν
724 1773 859 1830 νόμον
881 1771 1131 1831 ε’ρδόμενον·

625 1845 917 1906 κατακρύπτει
939 1845 977 1892 δ’
1000 1846 1053 1891 οὐ
1076 1847 1193 1894 κόνις

627 1922 861 1980 συγγόνων
882 1921 1037 1966 κεδνὰν
1056 1921 1205 1979 χάριν.

623 1993 765 2054 Ερμᾶ
788 1996 835 2040 δὲ
859 1995 1123 2056 θυγατρὸς’
1097 1994 1310 2043 ακούσαις
1329 1995 1484 2055 Ἰφίων

625 2067 879 2128 Ἀγγελίας,
903 2069 1048 2115 ἐνέποι
1071 2088 1144 2118 κεν
1165 2070 1443 2132 Καλλιμάχῳ
1464 2071 1656 2131 λιπαρὸν

626 2143 798 2201 κόσμον
816 2141 1106 2203 Ὀλυμπίᾳ,”
1079 2163 1130 2190 ον
1151 2144 1242 2202 σφι
1264 2143 1370 2191 Ζεὺς
1389 2143 1507 2204 γένει

625 2215 795 2261 ὤπασε.

324 2313 627 2372 Festivius
670 2313 915 2391 alioqui,
946 2314 1118 2374 velut
1161 2316 1484 2394 imperiosa
1517 2335 1679 2386 voce,
1711 2336 1819 2395 pro
1851 2317 1994 2396 jure
2024 2336 2132 2378 suo

322 2413 582 2490 poetico,
615 2414 901 2473 nunciam
930 2414 1126 2472 mittit
1157 2416 1234 2474 ad
1264 2434 1475 2475 manes
1508 2414 1866 2494 Nympham
1884 2411 1936 2475 f:

627 2524 945 2584 μελανοτειχέα
966 2527 1042 2571 νῦν
1064 2525 1202 2583 δόμον

629 2601 923 2659 Φερσεφόνας
941 2598 1022 2653 ἰ’θι,
1042 2598 1189 2659 Ἀχοῖ,
1211 2600 1347 2659 πατρὶ
1369 2600 1533 2646 κλυτὰν
1553 2599 1734 2660 φέροισ’
1756 2600 1983 2662 ἀγγελίαν,

631 2672 892 2732 Κλεύδαμον
913 2672 1035 2733 ὄφρα
1055 2672 1189 2719 ἴδοισ’
1212 2675 1307 2718 υἱὸν
1328 2671 1466 2732 εἴπης,
1490 2673 1559 2719 ὅτι
1580 2674 1622 2718 οἷ
1643 2673 1744 2720 νέαν

629 2750 811 2795 κόλποις
830 2747 932 2808 παρ’
957 2749 1142 2806 εὐδόξου
1163 2748 1313 2795 Πίσας

628 2822 923 2882 ἐστεφάνωσε
944 2823 1135 2882 κυδίμων
1155 2822 1329 2868 ἀέθλων
1348 2825 1555 2882 πτεροῖσι
1574 2823 1749 2883 χαίταν.

407 2921 449 2980 J
452 2941 552 2981 am
583 2922 812 2993 nemini
852 2922 1077 2999 poterit
1109 2940 1239 2980 esse
1271 2921 1614 2991 obscurum,
1645 2939 1752 2979 cur
1781 2920 1845 2978 in
1875 2938 1948 2978 ea
1975 2938 2136 2997 quae-

322 3019 519 3078 stione
567 3038 706 3096 quae
760 3025 892 3077 erat
945 3020 1021 3077 de
1074 3018 1366 3100 παρρησίᾳ
1423 3018 1688 3088 Pindari,
1743 3025 1873 3077 tam
1926 3017 2136 3077 sedula

321 3118 497 3177 fieret
535 3118 665 3195 ejus
707 3118 1016 3196 religionis
1059 3119 1311 3177 mentio.
1404 3118 1751 3188 Quamnam
1782 3117 1946 3176 enim
1982 3117 2136 3175 iram

321 3236 428 3276 seu
451 3215 616 3294 vulgi
642 3216 769 3274 sive
792 3217 1137 3294 principum
1164 3217 1429 3284 timeret,
1451 3217 1555 3293 qui
1586 3235 1650 3274 se
1680 3216 1985 3294 pertinere
2009 3234 2137 3273 cre-

319 3316 492 3373 deret
531 3314 608 3372 ad
646 3333 860 3371 eorum
900 3333 1246 3385 numerum,
1278 3314 1498 3391 quibus
1529 3320 1659 3372 erat
1697 3312 1897 3372 fatalis
1929 3312 2137 3391 Elysia

316 3412 422 3471 illa
475 3411 841 3471 beatitudo?
932 3411 1231 3482 Quaenam
1282 3410 1373 3469 illi
1425 3410 1782 3490 refugienda
1834 3410 1993 3469 :foret
2045 3410 2137 3468 in-

320 3511 496 3581 vidia,
537 3511 641 3588 qui
683 3530 855 3570 suam
898 3511 1088 3570 vitam
1130 3511 1228 3590 agi
1267 3518 1513 3588 putaret
1553 3511 1618 3568 in
1662 3515 1835 3568 tanta
1880 3507 2018 3567 luce
2063 3526 2135 3567 ac

592 3660 613 3685 e
640 3653 710 3698 Ol.
736 3654 779 3699 8.
811 3667 912 3698 101.
1525 3651 1544 3684 ¹
1572 3652 1690 3700 Ibid.
1720 3666 1789 3708 14.
1815 3665 1889 3726 29..

2272 3450 2288 3482 ἐ

2268 3502 2288 3593 Ξ

2281 3714 2288 3725 .
