2288 4036
635 283 949 329 MONITUM
983 284 1069 327 DE
1090 284 1318 330 ,PERSIS
1350 284 1664 329 AESCHYLI.
1922 280 2009 325 821

336 409 362 428 ‘⁶
377 404 450 448 Ad
472 405 585 448 hanc
611 405 901 462 quaestionem
928 411 1043 448 recte
1075 404 1332 449 solvendam
1359 405 1554 448 multum
1582 403 1800 460 pertinere
1826 403 1936 446 mihi
1955 404 2020 447 vi-

275 476 436 520 dentur
471 492 535 529 ea,
569 492 668 535 quae
699 478 901 534 plurimis
932 477 1066 535 hujus
1101 476 1329 534 tragoediae
1366 476 1475 519 locis
1508 482 1638 532 poeta
1669 481 1823 518 contra
1852 490 2020 519 morem

275 564 410 592 suum
430 550 537 593 lusit
558 550 605 592 in
626 550 864 593 verborum
886 556 928 592 et
950 564 1161 592 sonorum
1184 550 1408 594 clausulis.
1474 547 1632 595 Qualia
1653 553 1758 596 sunt
1778 547 1876 598 ista,

627 649 789 705 Ξέρξης
808 650 886 706 μὲν
905 652 1078 707 ἤγαγεν,
1100 650 1246 700 ποποῖ,

629 721 792 778 Ξέρξης
813 720 849 764 δ’
870 721 1110 772 ἀπώλεσεν,
1132 722 1264 771 τοτοῖ,

627 792 790 851 Ξέρξης
812 793 856 836 δέ
878 792 998 836 πάντ’
1022 793 1185 836 ἕπεο-πε
1207 792 1465 849 δυσφρόνως

624 865 862 922 βαρίδεσσι
882 864 1086 909 ποντίαις.
1384 863 1526 919 (Pers.
1549 861 1672 919 550.)

274 968 454 1011 Nemini
485 984 576 1012 non
606 968 679 1012 hic
709 969 756 1012 in
787 976 982 1012 mentem
1012 968 1180 1013 venerit
1210 967 1337 1010 faceti
1372 966 1489 1009 illius
1526 966 1645 1022 apud
1677 966 2021 1023 Aristophanem

271 1040 369 1092 loci,
392 1041 438 1083 in
460 1056 548 1097 quo
570 1042 782 1093 comicus,
806 1041 860 1084 de
888 1042 1005 1098 gallo
1033 1040 1274 1097 gallinaceo
1301 1038 1491 1082 naeniam
1514 1046 1767 1089 contexens,
1791 1037 2021 1095 quodcun-

273 1128 358 1170 que
379 1113 689 1170 hujuscemodi
709 1113 842 1157 habet
864 1112 1099 1170 Euripides
1121 1126 1230 1155 naso
1252 1110 1508 1168 suspendit:

626 1215 649 1255 ὁ
672 1212 707 1255 δ’
730 1212 925 1256 ἀνέπτατ’
947 1211 1143 1255 ἀνέπτατ’
1167 1211 1210 1257 ἐς
1231 1210 1379 1269 αἵθερα

625 1285 910 1342 κουφοτάταις
928 1283 1150 1342 πτερύγων
1170 1283 1332 1339 ἀκμαῖς·

625 1356 717 1412 ἐμοὶ
740 1356 776 1399 δ’
800 1355 890 1414 ἄχε’
913 1355 1022 1414 ἄχεα
1042 1355 1260 1406 κατέλιπε,

1011 1427 1022 1442 2
1058 1428 1069 1442 5
1105 1426 1115 1442 3
1150 1427 1160 1442 2

624 1500 785 1551 ἔβαλον
805 1500 966 1552 ἔβαλον
985 1499 1013 1543 ἁ
1034 1499 1222 1555 τλάμων.
1345 1497 1479 1554 (Rau.
1507 1496 1656 1553 1352.)

272 1606 468 1650 Plurima
489 1613 594 1650 sunt
614 1607 697 1650 alia
717 1607 764 1649 in
779 1606 1017 1651 verborum
1040 1605 1212 1649 delectu
1233 1612 1275 1647 et
1296 1610 1525 1661 apparatu,
1544 1603 1601 1646 ad
1617 1603 1857 1646 liberorum
1880 1604 2023 1646 homi-

269 1693 380 1721 num
419 1679 534 1722 risus
577 1679 835 1730 movendos,
869 1680 939 1723 vel
981 1685 1096 1721 certe
1136 1678 1192 1721 ad
1228 1677 1461 1720 barbaram
1499 1675 1788 1733 servilemque
1827 1676 2022 1719 indolem

271 1750 606 1794 monstrandam
628 1751 793 1808 optime
820 1750 1166 1794 accommodata.
1230 1747 1455 1792 Laudatus
1485 1754 1565 1799 est,
1588 1754 1630 1790 et
1650 1748 1806 1791 merito
1828 1748 2023 1806 quidem,

268 1836 295 1864 a
315 1829 358 1865 te
378 1823 517 1874 locus,
540 1823 586 1865 in
609 1838 697 1880 quo
720 1823 846 1865 Darii
867 1822 1026 1865 umbra
1047 1822 1102 1865 ab
1123 1821 1275 1864 inferis
1304 1835 1381 1877 per
1404 1819 1604 1862 Chorum
1626 1819 1855 1862 excitatur.
1909 1819 2023 1863 Vide

269 1901 430 1946 autem,
449 1909 598 1938 annon
619 1894 690 1938 hic
713 1909 889 1952 quoque
912 1893 1147 1937 Persarum
1169 1893 1295 1950 regni
1317 1892 1539 1943 custodes,
1563 1892 1679 1948 regis
1702 1891 1860 1935 Xerxis
1883 1893 2022 1936 vicem

268 1974 484 2022 gerentes,
505 1967 567 2010 ita
587 1982 639 2009 ex
661 1966 890 2023 proposito
910 1967 1165 2024 loquantur,
1182 1973 1233 2009 ut
1254 1965 1600 2009 Atheniensibus
1622 1979 1700 2021 per
1721 1979 1802 2007 sua
1822 1965 2022 2021 ipsorum

269 2038 403 2082 verba
422 2038 616 2082 ludibrio
638 2038 763 2081 fiant.

621 2137 645 2193 ἧ
666 2137 704 2195 ῥ’
727 2136 808 2181 α’ίει
828 2156 910 2194 μου
931 2137 1162 2194 μακαρίτας
1183 2136 1419 2193 ἰσοδαίμων
1439 2136 1650 2186 βασιλεὺς

619 2211 865 2268 βάρβαρα
897 2210 1106 2266 σαφηνῆ

623 2283 789 2328 ἱέντος
820 2282 878 2325 τὰ
907 2280 1143 2325 παναίολ’
1176 2282 1246 2324 αἷ-

621 2355 708 2409 ανῆ
741 2352 978 2410 δύσθροα
1008 2354 1276 2412 βάγματα;
1379 2352 1522 2409 (Pers.
1545 2350 1668 2408 633.)

270 2458 462 2502 Pulchra
482 2466 601 2511 sunt,
619 2467 661 2503 et
677 2459 942 2503 verecundia
957 2460 1100 2516 plena,
1119 2473 1219 2517 quae
1234 2465 1336 2515 post
1351 2458 1448 2502 haec
1464 2457 1664 2514 proxime
1686 2463 1935 2514 sequuntur
1950 2473 2022 2499 :—

267 2547 357 2589 quo
384 2539 531 2575 tamen
563 2532 814 2575 animorum
846 2546 980 2574 sensu
1010 2538 1140 2587 putas
1163 2531 1278 2574 cives
1308 2530 1543 2574 liberrimae
1563 2530 1609 2572 in
1635 2528 1806 2572 Graecia
1834 2528 2020 2572 civitatis

268 2604 405 2647 fuisse
433 2603 630 2654 affectos,
653 2617 793 2660 quum
824 2601 878 2644 de
898 2602 1063 2645 mortui
1086 2602 1220 2659 Regis
1242 2616 1343 2645 vere
1364 2607 1377 2625 ‘
1394 2602 1570 2645 Persico
1592 2601 1819 2658 apparatu’
1844 2599 2020 2643 Chorus

271 2675 613 2719 venerabundus
635 2676 737 2718 talia
758 2674 1044 2731 praecineret?

618 2759 710 2803 ἔλθ’
722 2760 796 2804 ἐπ’
820 2759 950 2816 ἄκρον
974 2761 1190 2816 κόρυμβον
1210 2758 1360 2816 ὄχθου,

623 2833 981 2888 κροκόβαπτον
1010 2831 1171 2876 ποδὸς
1201 2834 1418 2888 εὔμαριν
1446 2831 1612 2887 ἀείρων,

619 2901 849 2954 βασιλείου
870 2901 1016 2957 τιάρας
1035 2903 1238 2960 φάλαρον
1257 2900 1533 2959 πιφαύσκων.
1581 2900 1643 2958 (v.
1662 2892 1784 2957 658.)

268 2992 432 3035 Nonne
469 2991 672 3035 mollium
709 2992 786 3049 qui
823 2992 908 3035 sub
945 2992 1178 3049 tyrannide
1215 3000 1321 3036 sunt
1355 3008 1547 3043 morum,
1580 3007 1683 3036 cum
1719 2993 1916 3035 mascula
1949 2992 2023 3035 illa

264 3063 412 3107 indole
434 3078 533 3121 quae
553 3068 638 3107 τῶν
657 3064 899 3120 αὐτονομῶν
920 3072 1001 3116 est,
1025 3065 1174 3108 statim
1195 3065 1242 3108 in
1263 3071 1458 3108 mentem
1478 3065 1645 3108 venerit
1667 3064 1966 3120 comparatio?

327 3153 356 3172 “
375 3148 587 3205 Superest
609 3149 704 3206 jam
723 3164 867 3192 unum
888 3150 936 3192 in
956 3149 1038 3192 hac
1060 3163 1193 3192 causa
1213 3157 1542 3207 argumentum,
1565 3148 1686 3207 quod
1706 3149 1888 3192 minime
1908 3163 2020 3206 prae-

265 3220 448 3262 termitti
481 3221 628 3263 velim.
700 3221 754 3264 In
794 3221 1054 3278 hujusmodi
1090 3221 1412 3279 quaestionibus
1448 3221 1520 3265 vix
1559 3220 1803 3279 quidquam
1843 3221 2020 3277 majoris

265 3305 363 3334 esse
389 3292 604 3335 momenti
637 3294 761 3344 solet,
786 3308 921 3350 quarn
947 3293 1059 3336 bene
1087 3299 1315 3350 perspecta
1345 3292 1473 3335 metri
1503 3299 1546 3336 et
1573 3307 1863 3335 numerorum
1894 3292 2019 3336 ratio.

266 3361 727 3407 Animadvertendum
769 3371 835 3407 est
871 3365 1023 3422 igitur,
1058 3379 1135 3421 per
1172 3371 1312 3407 totam
1347 3363 1583 3407 Persarum
1618 3363 1880 3421 tragoediam
1916 3378 2019 3406 ana-

266 3433 470 3490 paesticos
506 3435 767 3493 plerumque
804 3451 1014 3480 numeros
1051 3451 1077 3479 a
1111 3436 1260 3479 Choro
1294 3437 1526 3493 usurpari3
1572 3436 1734 3494 quibus
1771 3435 1882 3479 nihil
1917 3450 2020 3478 curn

266 3505 472 3549 carminis
507 3506 789 3564 triumphalis
828 3508 996 3551 ratione
1032 3508 1190 3551 melius
1232 3523 1476 3566 congruere
1514 3509 1755 3566 potuisset;
1803 3509 2020 3551 exsultare

265 3577 384 3620 enim
404 3577 610 3622 videntur
630 3579 715 3636 ipsi
738 3595 908 3632 versus,
931 3588 974 3624 et
1003 3580 1129 3638 quasi
1156 3582 1288 3637 pleno
1316 3580 1447 3624 corde
1478 3581 1523 3624 in
1555 3581 1705 3624 omnia
1735 3582 1835 3624 laeta
1865 3595 2019 3623 excur-
