2288 4036
175 281 328 319 num..
343 278 529 313 xxx111.
560 261 677 310 bene
701 254 1134 315 adumbraverz'nt,
1151 253 1404 322 Analoyia
1428 251 1651 321 quadam
1677 253 1772 304 usi.
1813 250 1918 303 665

162 409 394 482 jusque,
423 422 528 479 pro
569 404 683 460 situ
730 401 1009 462 locorum,
1045 417 1150 473 pro
1189 397 1555 453 fortunarum
1597 402 1820 460 tenore,
1850 401 1919 450 ut

172 502 246 559 ad
300 502 487 556 imum
540 506 742 555 tamen
800 503 1065 552 servetur
1121 493 1269 549 mira
1325 490 1598 566 quaedam
1656 489 1918 545 omnium

173 595 513 654 similitudO.
584 593 677 650 Ex
702 611 818 666 quo
849 590 1116 656 efficitur,
1147 594 1474 645 monstrato
1504 586 1641 660 quid
1675 586 1922 660 quisque

174 692 376 768 egerit,
413 709 531 746 non
571 689 881 746 obscurum
921 687 1044 744 fore
1081 686 1219 760 quid
1265 685 1422 741 idem
1468 690 1623 740 esset
1666 690 1920 747 acturuS,

172 795 402 845 mutata
430 785 654 842 scilicet
684 785 910 841 ratione
946 802 1139 839 rerum
1183 801 1251 838 ac
1290 789 1644 855 temporum.
1733 778 1922 837 Verbi

172 883 376 960 gratia,
420 900 594 938 nemo
639 881 905 936 omnium
949 878 1059 935 hac
1103 878 1388 935 memoria
1428 875 1743 933 Poetarum
1792 895 1924 950 pro—

171 980 302 1054 pius
332 978 530 1053 tetigit
561 975 805 1033 affectus
834 975 1160 1041 hominum,
1181 992 1356 1048 quam
1388 972 1500 1029 Ille
1525 973 1623 1047 qui
1643 972 1922 1030 Thalabae

172 1075 386 1132 cecinit
428 1073 761 1148 pueritiam,
806 1089 1044 1138 errores,
1087 1071 1452 1144 redemptam
1507 1076 1699 1125 morte
1742 1070 1925 1126 victo-

172 1171 334 1227 riam.
421 1167 612 1242 Atqui
652 1168 701 1224 is
746 1174 835 1224 est
875 1167 1165 1225 universae
1205 1166 1330 1240 ejus
1374 1165 1592 1223 fabulae
1637 1173 1825 1231 tenor,
1856 1173 1924 1222 ut

173 1266 351 1323 verbo
381 1271 554 1321 tenus
584 1263 960 1320 commendet
990 1262 1215 1319 scilicet
1244 1261 1565 1317 Turcarum
1596 1261 1923 1337 religi011e8‚

173 1368 235 1418 et
262 1359 642 1416 Mahumedis
670 1365 964 1433 portenta.
1028 1357 1265 1414 Placuit
1294 1364 1494 1415 tamen
1526 1357 1750 1423 eadem,
1775 1375 1927 1413 sem-

173 1475 408 1532 perque,
431 1462 501 1511 ut
531 1456 751 1530 opinor,
777 1454 1052 1530 placebit,
1076 1454 1146 1510 iis
1169 1453 1366 1518 etiam,
1387 1453 1487 1527 qui
1518 1453 1691 1509 unice
1721 1453 1926 1510 colunt

176 1554 331 1629 piam
385 1559 722 1625 castamque
769 1552 1114 1608 veritatem:
1179 1549 1455 1616 maxime,
1504 1551 1564 1605 ni
1616 1549 1802 1616 fallor,
1850 1551 1927 1609 ob

174 1650 414 1707 tacitam
440 1649 750 1723 quandam,
775 1654 842 1703 ut
871 1648 956 1704 ita
978 1647 1192 1714 dicam,
1211 1647 1728 1721 comparationem,
1750 1666 1925 1722 quam

173 1763 340 1802 mens
370 1744 525 1800 ultro
555 1744 663 1800 sibi
696 1743 845 1800 solet
874 1744 1203 1800 instituere.
1294 1741 1456 1799 Dum
1498 1742 1767 1819 legimuS‚
1799 1761 1930 1799 sen-

174 1841 355 1898 timus
396 1840 692 1906 videlicet,
722 1841 820 1915 qui
868 1840 981 1895 hoc
1024 1838 1203 1895 illove
1245 1840 1422 1895 modo
1463 1839 1641 1895 fuerit
1682 1837 1928 1895 affectus

174 1937 235 1993 in
275 1937 696 1994 commentitiis
740 1936 855 1992 illis
899 1937 1090 2003 sacriS,
1123 1954 1240 2010 quo
1283 1936 1481 1991 animo
1512 1935 1746 1991 futurus
1775 1942 1929 1991 esset

175 2033 350 2098 idem,
395 2038 707 2106 postquam
754 2029 935 2087 semel
985 2028 1232 2086 solidam
1272 2048 1340 2086 ac
1384 2048 1592 2104 puram
1640 2030 1927 2103 pietatem

175 2128 516 2204 gustaverit.
604 2127 798 2183 Immo
828 2145 947 2182 non
983 2125 1098 2182 alia
1127 2125 1312 2181 ferme
1357 2124 1490 2200 lege
1534 2124 1772 2199 placent
1819 2125 1930 2182 sibi

175 2223 351 2280 hodie
393 2223 474 2298 pii
518 2222 823 2296 sanctique
855 2222 957 2277 viri
991 2228 1257 2278 veterum
1293 2220 1613 2277 Poetarum
1653 2220 1929 2290 lectione,

176 2337 353 2393 quam
389 2325 457 2374 ut
494 2317 670 2375 liceat
705 2317 795 2373 uti
832 2317 1213 2373 conversione
1248 2316 1500 2390 quadam
1547 2316 1746 2382 tacita,
1778 2335 1932 2390 quae-

176 2433 291 2489 que
334 2414 489 2488 apud
522 2413 854 2470 Homerum
891 2414 1136 2469 fortasse
1166 2412 1260 2468 vel
1293 2411 1613 2468 Pindarum
1655 2412 1934 2470 dicuntur

176 2510 238 2567 in
281 2510 518 2567 laudem
558 2509 950 2566 commentitii
989 2508 1028 2565 J
1033 2509 1172 2575 oviS,
1213 2527 1283 2564 ea
1325 2509 1407 2568 sic
1452 2509 1734 2583 accipere,
1766 2510 1931 2583 quasi

177 2605 294 2661 sint
339 2604 641 2661 obscurius
685 2605 843 2660 dicta
886 2604 959 2659 de
1000 2603 1076 2661 D.
1109 2602 1182 2660 O.
1216 2603 1309 2659 M.
1343 2603 1418 2659 de
1447 2604 1736 2660 vaticiniis
1768 2604 1931 2679 Ejus,

180 2718 433 2774 veroque
485 2700 783 2757 sacrificiO.
874 2699 1048 2756 Adeo
1099 2700 1377 2773 utrinque
1419 2698 1751 2756 consulitur
1799 2700 1934 2756 reli-

177 2795 341 2871 gioso
384 2796 631 2870 pudori3
678 2797 824 2852 vitat
856 2795 1056 2852 oculos
1084 2814 1365 2872 germana
1397 2794 1612 2860 Pietas,
1643 2802 1706 2852 et
1736 2796 1931 2853 lucem

178 2891 488 2957 forensem,
519 2891 867 2965 velaturque
905 2911 1010 2966 pro
1050 2910 1114 2947 re
1154 2910 1221 2947 ac
1261 2898 1550 2966 tempore,
1580 2912 1737 2948 nunc
1774 2900 1932 2950 vete-

178 3006 308 3045 rum
339 2986 650 3045 Graiorum
693 2994 994 3062 apparatu,
1034 3007 1191 3044 nunc
1230 3006 1452 3054 eorum,
1483 2988 1582 3062 qui
1621 2988 1715 3046 vel
1753 2989 1931 3047 hodie

179 3089 485 3138 versantur
511 3083 573 3138 in
604 3101 814 3139 errore.

186 3231 190 3235 ,
265 3175 384 3232 Sed
427 3176 692 3234 infinitus
741 3195 946 3244 essem,
991 3179 1036 3234 si
1081 3179 1279 3235 omnia
1315 3179 1656 3254 proferrem,
1698 3199 1833 3254 quae
1871 3183 1933 3238 in

180 3274 289 3333 hac
340 3293 514 3332 causa
563 3276 679 3332 dici
736 3283 992 3350 possent.
1087 3275 1248 3332 Nam
1297 3295 1483 3352 genus
1539 3277 1599 3332 id
1651 3276 1933 3336 latissime

181 3376 364 3444 patet,
393 3389 586 3444 neque
614 3372 675 3428 in
704 3371 841 3428 solis
871 3370 1207 3427 dominatur
1236 3371 1608 3439 carminibuS,
1637 3391 1843 3430 verum
1872 3376 1935 3431 in

183 3465 452 3521 omnibus
488 3484 722 3539 quoque
760 3465 998 3530 deliciis,
1029 3485 1166 3540 quae
1209 3467 1281 3523 ad
1327 3467 1760 3524 humanitatem
1805 3489 1935 3544 per-

183 3559 394 3622 tinent.
481 3559 777 3627 Quorsum
820 3559 984 3628 illud,
1025 3561 1101 3636 (e.
1132 3565 1215 3638 g.)
1247 3563 1403 3637 quod
1449 3570 1717 3620 veterum
1762 3565 1935 3623 Tem-
