2288 4036
287 199 397 256 660
449 199 787 272 Sinyulomm
813 200 964 271 apud
986 201 1288 254 Lucretium
1312 201 1575 255 verborum
1599 203 1692 256 vis.
1728 223 1888 258 PRAEL.
1912 223 2084 257 xxxn.

373 348 554 418 Quod
607 349 654 407 si
707 347 1056 423 conjectura
1107 347 1251 405 satis
1302 347 1594 424 probabili
1647 349 1964 408 retulimus
2007 350 2084 407 ad

286 469 554 507 amorem
607 455 843 506 naturae
900 447 1092 523 ipsam
1148 447 1339 505 ferme
1393 447 1776 507 Lucretianae
1827 449 2087 508 Poeseos

287 566 609 616 summam,
633 544 785 602 nihil
816 564 965 621 opus
996 552 1193 611 erunt,
1216 546 1444 622 opinor,
1475 547 1777 623 permulta
1806 547 2087 624 exempla

286 645 349 701 in
380 645 605 702 usitato
635 643 741 702 illo
771 663 1012 721 genere,
1046 663 1165 720 quo
1197 643 1391 702 solent
1439 646 1760 722 scriptores
1795 647 2087 722 ejusmodi

287 761 457 800 suam
491 741 848 819 plerumque
880 741 1184 800 declarare
1214 742 1516 802 indolem:
1567 744 1767 821 qualia
1801 765 1913 803 nec
1958 765 2089 802 rara

286 840 472 899 habet
511 840 759 910 Noster,
791 860 990 917 neque
1019 841 1150 918 ipso
1184 839 1384 917 (paene
1416 842 1639 916 dicam)
1672 841 1934 920 Virgilio
1978 843 2091 899 mi-

286 958 400 998 nus
425 938 782 1018 Virgiliana.
849 939 1073 1016 Ecquis
1104 940 1375 997 omnium
1407 940 1710 1017 exquisita
1739 942 1930 1019 magis
1960 948 2090 1000 arte

286 1037 495 1115 tetigit
542 1037 605 1095 in
654 1057 719 1096 re
764 1057 1004 1114 quaque
1053 1036 1313 1096 naturali
1365 1039 1605 1096 unicam
1658 1038 1841 1108 illam,
1888 1047 1958 1097 ut
2002 1040 2089 1097 ita

285 1137 614 1206 nominem,
640 1136 965 1204 Chordam,
995 1157 1114 1214 qua
1143 1136 1333 1195 semel
1362 1137 1499 1204 icta,
1532 1138 1825 1196 sentimus
1856 1146 2090 1197 extem-

286 1234 387 1312 plo
440 1235 722 1305 universi,
775 1255 1053 1295 resonare
1106 1237 1552 1313 quodammodo
1604 1237 1769 1295 intus
1820 1237 2089 1295 animum

284 1341 560 1393 nostrum
587 1354 602 1405 ;
647 1336 762 1393 nisi
793 1336 840 1393 si
872 1335 1005 1411 quis
1036 1335 1240 1392 durior
1270 1334 1427 1393 forte
1458 1342 1678 1403 exstet,
1710 1341 1774 1393 et
1804 1336 1876 1393 ad
1911 1355 2090 1393 omne

284 1433 401 1493 hoc
426 1434 777 1493 deliciarum
807 1454 1000 1513 genus
1022 1434 1323 1512 ineptior?
1366 1433 1560 1494 Velut
1584 1435 1646 1492 in
1670 1435 1928 1503 musicis,
1952 1436 2092 1493 doc-

285 1540 485 1592 tarum
530 1536 766 1593 aurium
802 1535 1053 1612 judicio,
1087 1533 1303 1613 singuli
1352 1554 1507 1612 pene
1552 1535 1783 1592 sonitus
1824 1534 1965 1593 dare
2002 1534 2091 1591 di-

284 1641 508 1691 cuntur
529 1635 718 1692 totius
741 1633 1068 1693 harmoniae
1092 1634 1593 1712 significationem
1623 1634 1875 1692 minime
1897 1633 2090 1691 incer-

283 1738 430 1790 tam.
518 1732 657 1802 Quo
687 1733 751 1790 in
780 1753 1003 1811 genere
1032 1733 1392 1810 praeclarum
1424 1741 1515 1791 est
1545 1732 1698 1791 illud
1720 1741 1763 1801 ¹¹,

667 1877 818 1916 totum
841 1872 1192 1916 circumtremere
1213 1871 1406 1916 AEthera
1430 1871 1590 1930 signis.

283 1982 497 2059 Atque
529 1983 715 2042 etiam
747 1982 898 2043 illud
932 1984 1008 2043 de
1039 1983 1323 2063 Lychnis,

1043 2114 1226 2152 tremere
1245 2107 1432 2167 ignibus
1452 2108 1640 2161 instant,

527 2179 725 2235 Instant,
750 2196 834 2226 nec
856 2182 956 2226 loca
974 2182 1056 2226 lux
1077 2182 1195 2226 inter
1216 2182 1347 2242 quasi
1367 2189 1500 2240 rupta
1520 2182 1750 2241 relinquit.

283 2277 564 2337 Fortasse
617 2279 802 2337 etiam
851 2299 974 2336 non
1019 2278 1179 2337 male
1228 2279 1529 2337 addideris
1575 2299 1666 2352 ea,
1705 2300 1844 2356 quae
1884 2279 2088 2356 aliquo

279 2378 344 2435 in
389 2377 523 2435 loco
570 2385 712 2437 sunt
758 2379 923 2436 dicta
968 2378 1044 2435 de
1081 2377 1335 2435 humore
1376 2378 1614 2436 sublato
1654 2398 1732 2437 ex
1771 2378 2087 2455 superficie

278 2475 462 2534 maris
483 2485 544 2546 ⁰3

935 2558 1073 2605 validi
1092 2565 1317 2604 verrentes
1336 2575 1521 2620 aequora
1539 2559 1664 2605 venti

532 2632 838 2687 Deminuunt,
861 2633 1092 2694 radiisque
1112 2640 1311 2679 reteoeens
1330 2634 1543 2679 aetherius
1567 2633 1646 2679 Sol
1665 2651 1677 2678 τ

280 2737 580 2815 siquidem
612 2738 903 2798 credibile
932 2748 1045 2809 est,
1067 2760 1188 2798 non
1221 2747 1455 2798 temere
1485 2738 1627 2817 poni
1652 2737 1902 2796 verbum
1933 2737 2083 2796 illud

280 2844 313 2868 ‘⁶
332 2837 671 2905 retexens,'’
703 2839 848 2915 quin
879 2839 1009 2916 ejus
1039 2858 1154 2916 ope
1184 2858 1313 2897 rem
1346 2838 1564 2897 deduci
1606 2837 1683 2896 ad
1713 2837 1910 2915 ipsum
1942 2857 2085 2896 ocu-

278 2934 477 2994 lorum
503 2936 825 3014 judicium.
910 2937 1154 3016 Quippe
1198 2938 1465 3016 pertinet
1509 2938 1585 2996 ad
1637 2937 1869 3014 vaporis
1913 2937 2082 3013 quasi

278 3034 396 3103 fila,
430 3055 567 3111 quae
604 3035 906 3095 cernimus
950 3036 1309 3114 plerumque
1355 3037 1431 3094 ab
1475 3034 1722 3095 Oceano
1766 3035 1923 3093 trahi
1958 3055 2086 3094 ver-

280 3152 381 3192 sus
424 3134 771 3194 inferiorem
816 3137 994 3196 nubis
1024 3156 1210 3206 oram,
1243 3156 1364 3213 qua
1408 3135 1519 3194 sub
1558 3135 1720 3197 nube
1753 3133 1960 3193 Solem
1994 3134 2086 3211 ip-

279 3251 413 3292 sum
444 3232 634 3292 latere
663 3236 972 3294 novimus:
1014 3236 1168 3295 adeo
1198 3235 1426 3294 lucidae
1447 3235 1577 3293 istae
1607 3234 1786 3292 lineae
1817 3233 2082 3311 speciem

280 3333 584 3409 quandam
628 3353 749 3410 prae
794 3353 859 3393 se
895 3335 1098 3393 ferunt
1134 3334 1322 3394 telam
1362 3334 1696 3393 retexentis
1734 3339 1799 3391 et
1845 3331 2083 3411 singula

281 3430 599 3491 evellentis
629 3430 747 3489 fila.

524 3640 553 3664 n
585 3633 722 3678 Lucr.
751 3647 789 3679 1.
818 3634 950 3679 1088.
1621 3641 1646 3664 0
1666 3645 1712 3692 5.
1735 3633 1841 3692 267.
