2288 4036
229 215 384 248 PRAEL.
403 213 512 246 xxL
598 194 681 245 De
704 192 863 244 tacita
890 189 1283 260 Ayamemnonis
1294 187 1595 258 prce-sentia.
1875 187 1980 237 403

578 328 698 377 εἶναι·
729 330 906 387 παρέντι
928 328 964 372 δ’
986 329 1063 372 οὐκ
1084 328 1167 386 ε’ρῶ
1187 327 1264 384 τὴν
1284 327 1446 384 ζημίαν

578 402 692 463 τόξῳ
712 402 796 461 γὰρ
818 404 933 448 οὔτις
951 401 1156 458 πημάτων
1178 399 1387 458 ἐφίξεται.

228 521 348 578 Res
391 539 530 578 sane
574 518 831 576 solennis
859 516 1159 593 AEschylo,
1190 533 1437 591 quaeque
1476 501 1613 571 cum
1656 512 1882 588 pietate
1921 518 1982 568 et

226 617 541 676 sanctitate
585 615 859 682 maxime,
904 621 974 670 ut
1017 613 1282 679 arbitror,
1323 612 1400 669 sit
1443 610 1775 685 conjuncta,
1806 628 1985 684 expa-

228 731 460 771 vescere
491 711 945 788 quodammodo,
975 709 1186 768 clausis
1224 707 1424 776 oculis,
1455 707 1531 765 ad
1569 708 1715 764 iram
1760 725 1985 781 poenas-

225 830 341 886 que
371 810 616 867 divinas·
706 807 825 865 Sed
856 826 993 865 cum
1025 805 1240 865 Oreste
1268 823 1615 882 pergamus:

579 936 647 979 καὶ
669 937 742 980 νῦν
763 935 892 993 ὁρᾶτέ
911 933 970 992 μ’,
993 935 1050 980 ὧς
1069 933 1474 991 παρεσκευασμένος

580 1008 659 1064 ξὺν
678 1009 790 1068 τῷδε
811 1008 962 1067 θαλλῷ
985 1008 1054 1050 καὶ
1075 1006 1246 1064 στέφει,
1268 1005 1534 1063 προσίξομαι

579 1081 872 1138 μεσόμφαλον
892 1077 930 1123 θ’
952 1078 1123 1135 ἵδρυμα,
1146 1077 1305 1133 Λοξίου
1325 1076 1472 1129 πέδον,

577 1154 712 1209 πυρός
731 1170 778 1196 τε
798 1151 966 1210 φέγγος
982 1150 1169 1209 ἄφθιτον
1189 1149 1460 1206 κεκλημένον,

579 1222 757 1281 φεύγων
777 1222 866 1267 τόδ’
889 1220 991 1279 αἷμα
1013 1223 1166 1266 κοινόν·
1199 1221 1288 1265 οὔδ’
1313 1220 1384 1279 ἐφ’
1407 1219 1557 1265 ἑστίαν

577 1293 721 1350 ἀλλὴν
741 1294 983 1352 τράπεσθαι
1004 1293 1164 1350 Λοξίας
1183 1293 1349 1351 ἐφίετο.

229 1403 364 1480 Ipsa
405 1404 685 1460 nimirum
726 1421 956 1470 corona,
1002 1409 1187 1469 veste,
1231 1402 1481 1467 incessu,
1527 1400 1803 1476 Delphici
1853 1420 1990 1477 sup-

226 1502 393 1578 plicis
429 1501 686 1576 speciem
730 1519 854 1575 prae
899 1518 961 1556 se
1005 1498 1267 1556 ferebat:
1315 1517 1433 1565 eOS‚
1474 1498 1576 1573 qui
1621 1499 1985 1573 spectabant,

226 1597 491 1655 oculatos
536 1595 857 1653 adhibebat
908 1601 1109 1662 testes,
1159 1613 1221 1652 se
1266 1613 1387 1651 non
1434 1594 1656 1669 absque
1702 1592 1988 1670 Apolline

225 1693 453 1763 fecisse,
484 1693 763 1768 quicquid
793 1691 940 1748 illud
973 1698 1115 1759 erat,
1148 1692 1306 1766 quod
1337 1691 1574 1747 fecerat.
1646 1689 1821 1757 Quod
1853 1710 1989 1747 cum

226 1789 397 1846 fieret
442 1795 712 1846 extremo
757 1789 817 1844 in
861 1788 979 1844 fine
1010 1787 1355 1863 Tragoediae‚
1387 1786 1562 1862 longe
1603 1785 1776 1842 aliter
1815 1785 1990 1842 affec—

228 1891 337 1952 tos,
368 1885 560 1953 cred0,
593 1885 830 1952 dimisit,
862 1903 1038 1959 quam
1081 1884 1147 1951 si,
1179 1883 1406 1941 Orestis
1444 1882 1761 1959 Sophoclei
1808 1901 1988 1950 more,

227 1999 419 2038 meros
462 1981 620 2039 illico
668 1980 1000 2056 triumphos
1031 1981 1266 2056 egisset.
1353 1980 1682 2043 Jamenim
1727 1998 1803 2036 ne
1833 1981 1993 2056 cogi-

227 2079 454 2134 tatione
495 2078 752 2153 quidem,
794 2096 987 2152 neque
1031 2077 1357 2143 oculorum,
1387 2084 1457 2134 ut
1500 2078 1586 2134 ita
1628 2077 1837 2144 dicam,
1868 2095 1994 2133 me-

227 2175 431 2241 moria,
489 2175 762 2231 dirimere
834 2194 902 2232 ac
970 2175 1304 2250 disjungere
1379 2181 1655 2249 poterant
1714 2172 1990 2231 Orestem

228 2291 395 2329 reum
426 2273 500 2330 ab
523 2271 806 2348 Apolline
835 2279 1102 2347 patrono,
1160 2272 1374 2346 Itaque
1404 2273 1587 2346 (quod
1620 2271 1835 2328 summi
1867 2278 1993 2327 erat

227 2369 494 2445 artificis)
549 2370 659 2426 etsi
710 2376 903 2425 matre
947 2387 1053 2444 per
1103 2368 1294 2424 filium
1345 2375 1408 2424 et
1461 2368 1644 2425 filiam
1694 2386 1863 2434 caesa,
1913 2371 1992 2440 τῷ

227 2462 403 2541 μιάρῳ
433 2465 632 2522 nullus
662 2473 789 2522 erat
819 2459 1006 2522 locus,

314 2560 612 2635 Sequitur,
645 2567 713 2617 ut
743 2560 1149 2635 expendamus
1180 2558 1651 2636 Agamemnonis
1681 2560 1862 2615 etiam
1894 2559 1995 2615 de-

229 2656 419 2713 functi
450 2658 660 2714 tacitas
695 2657 787 2729 (ut
818 2656 904 2712 ita
934 2655 1152 2727 dicam)
1192 2661 1390 2730 partes
1428 2655 1488 2711 in
1519 2655 1630 2711 hac
1660 2654 1992 2730 Tragoedia:

229 2769 480 2825 quarum
511 2752 750 2825 quidem
798 2752 950 2807 ratio
982 2769 1099 2806 non
1143 2749 1259 2807 alia
1287 2750 1474 2806 ferme
1505 2757 1613 2817 est,
1643 2759 1822 2825 atque
1853 2750 1994 2825 ejuS,

231 2847 306 2903 de
353 2866 469 2922 quo
517 2848 695 2904 modo
747 2848 1024 2914 diximuS,
1070 2845 1310 2903 Oraculi
1345 2845 1662 2921 Apollinis.
1752 2845 1993 2902 Etenim

230 2943 436 3000 adesse
462 2943 691 3019 Regem
722 2951 1024 3000 mortuum
1055 2943 1344 3000 sentimus
1369 2943 1807 3017 quodammodo
1834 2943 1994 3000 omni

233 3040 511 3108 carmine,
543 3039 719 3097 celari
750 3046 952 3097 tamen
984 3040 1186 3096 dedita
1215 3058 1427 3115 opera3
1474 3040 1575 3114 qui
1605 3040 1652 3096 si
1688 3039 1844 3096 intra
1872 3059 1996 3096 ma-

231 3154 342 3192 nus
382 3135 680 3211 Euripidis
724 3143 881 3193 esset
924 3143 1207 3202 versatus,
1252 3135 1399 3192 mihi
1450 3136 1695 3193 minime
1747 3136 1993 3193 dubium

233 3238 343 3298 est,
374 3231 517 3306 quin
560 3232 622 3287 in
666 3231 859 3289 lucem
893 3239 1073 3307 atque
1104 3233 1165 3287 in
1196 3231 1399 3289 oculos
1439 3232 1812 3307 proditurum
1842 3233 1995 3289 foret

232 3327 358 3401 ejus
411 3326 647 3395 εἴδωλον,
699 3328 1007 3403 multaque
1048 3329 1254 3404 jejune
1309 3336 1369 3386 et
1425 3330 1625 3403 inepte
1678 3329 1990 3396 dicturum,

232 3442 361 3498 quae
404 3424 479 3480 ab
523 3424 802 3500 AEschylo
849 3433 1048 3482 nostro
1093 3424 1387 3484 efficacius
1431 3426 1775 3482 tribuuntur
1819 3425 1993 3483 litan-

234 3520 384 3576 tium
416 3521 608 3577 verbis
638 3527 700 3577 et
731 3521 959 3578 solenni
989 3521 1203 3579 Choro.

1016 3635 1057 3673 D
1089 3617 1127 3672 d
1160 3623 1196 3672 2
