2288 4036
250 230 407 265 PRAEL.
427 231 538 264 xm.
613 210 701 276 ibi,
727 218 968 280 tanquam
993 209 1074 262 ad
1089 226 1256 274 aram,
1283 208 1469 260 ooedem
1481 210 1687 278 perayi.
1896 212 1998 270 391

252 353 410 422 Quid
440 355 598 410 enim
629 351 1016 420 verisimilius,
1038 371 1213 426 quam
1244 351 1509 408 animum
1538 351 2001 408 intentissimum

249 451 323 506 ad
354 450 719 506 voluntatem
750 449 1033 515 Deorum,
1066 449 1284 523 quique
1322 448 1447 504 sine
1476 446 1601 504 ulla
1629 448 2003 505 dubitatione

250 547 374 621 ejus
403 547 619 602 certior
641 545 767 619 jam
805 545 881 601 sit
911 544 1119 612 factUS,
1151 564 1282 602 eam
1313 545 1687 619 potissimum
1718 564 2002 620 usurpare

249 643 526 717 loquendi
558 641 889 710 formulam,
909 661 1037 715 quae
1066 642 1348 723 majorem
1379 642 1440 697 in
1469 641 1714 698 modum
1739 641 2002 698 declaret

250 756 539 794 summam
570 738 750 812 ipsius
781 756 917 794 cum
943 737 1211 794 Numine
1242 756 1494 813 superno
1525 737 2001 795 convenientiam

249 842 310 889 et
355 833 743 890 consensum?
812 833 1019 908 quue,
1049 841 1118 890 ut
1148 834 1371 910 opinor,
1401 853 1519 890 non
1550 834 1796 891 obscure
1827 834 2005 910 signi-

248 929 427 986 ficans
459 929 661 997 Poeta,
693 932 894 988 statim
933 950 1008 988 ex
1047 932 1254 988 eadem
1299 949 1548 1007 persona
1588 931 1670 987 sic
1708 937 1798 987 est
1827 931 2009 987 ratio-

249 1026 478 1082 cinatus
497 1022 551 1083 f:

598 1150 641 1192 τί
659 1150 743 1207 γὰρ
764 1149 900 1192 κεύθω
921 1151 1110 1206 φρενόςς

601 1226 638 1263 Θ
656 1238 676 1262 ε
691 1222 708 1263 ’ἱ
723 1238 746 1263 ο
763 1239 786 1264 ν
818 1221 954 1274 ἔμπας
973 1222 1172 1264 ποτᾶται.

248 1341 430 1409 Quasi
467 1342 641 1410 dicat,
679 1362 798 1399 non
842 1361 904 1400 se
952 1343 1272 1401 iracundiae
1316 1361 1543 1399 morem
1587 1361 1810 1419 gerere,
1843 1343 2001 1416 quod

246 1439 393 1494 adeo
438 1446 640 1514 aperte
683 1441 743 1496 in
787 1440 1086 1498 adulteros
1127 1440 1285 1498 mala
1327 1446 1618 1515 precatur,
1650 1440 1752 1496 sed
1783 1438 2003 1496 caelesti

245 1536 442 1592 nescio
493 1537 588 1592 cui
640 1537 1050 1612 obtemperare
1099 1537 1363 1593 monito:
1417 1537 1542 1612 ejus
1590 1543 1792 1594 autem
1841 1535 2001 1593 claro

246 1631 428 1689 veluti
460 1633 621 1701 flatu,
654 1652 945 1709 cursuque
975 1634 1275 1701 acerri‘mO,
1307 1653 1369 1691 se
1400 1633 1572 1691 ferri:

597 1773 801 1831 πάροιθεν
819 1774 866 1817 δὲ
887 1776 1061 1831 πρώρας

597 1846 745 1903 δριμὺς
764 1846 908 1902 ἇητὰς,
932 1846 1106 1903 κραδίας

598 1917 744 1974 θυμὸς,
767 1919 945 1976 ἔγκοτον
966 1916 1141 1975 στύγος.

248 2034 422 2092 Adeo
454 2043 694 2094 cautum
726 2044 816 2094 est
846 2057 881 2094 a
909 2038 1255 2114 gravissimo
1296 2044 1555 2106 auctore,
1587 2045 1656 2096 ut
1702 2038 1805 2096 ubi
1845 2058 2007 2098 acer—

245 2130 482 2189 bissima
531 2133 712 2190 fiebat
761 2134 880 2190 odii
929 2141 990 2191 et
1039 2135 1255 2191 irarum
1306 2136 1561 2204 mentiO,
1597 2135 1680 2192 ibi
1713 2134 1830 2192 Dei
1861 2154 2005 2210 quo-

247 2245 361 2301 que
403 2226 631 2286 Ultoris
663 2229 910 2286 Numen
956 2230 1388 2306 appellaretur;
1432 2250 1509 2288 ne
1539 2231 1693 2288 forte
1724 2231 2003 2306 cuiquam

246 2322 369 2380 ulla
411 2343 487 2380 ex
526 2332 694 2400 parte
739 2327 1041 2383 videretur
1082 2327 1314 2402 privata
1360 2325 1591 2385 Orestis
1640 2333 1702 2383 et
1747 2326 2006 2383 Electrae

246 2437 338 2475 res
396 2421 508 2496 agi,
587 2441 706 2478 non
764 2424 1094 2480 communis
1154 2425 1423 2498 quaedam
1497 2431 1559 2480 et
1617 2429 2003 2489 sacrosancta,

246 2532 498 2589 quaeque
555 2517 630 2574 ad
689 2518 1029 2576 universum
1064 2519 1165 2595 jus
1231 2521 1435 2595 fasque
1486 2518 2006 2576 vehementissime

243 2612 582 2685 pertineret.

331 2707 530 2763 Etiam
560 2707 707 2764 illud
742 2727 920 2784 grave
951 2715 1013 2765 et
1049 2710 1529 2783 sanctum,-quod
1564 2710 1626 2765 in
1662 2710 1827 2767 caede
1858 2728 2002 2783 quo-

246 2821 361 2877 que
408 2803 939 2860 consceleratorum
978 2806 1315 2881 peragenda
1349 2806 1495 2881 regii
1525 2805 1839 2880 sepulchri,
1872 2812 2004 2862 tan-

247 2917 425 2972 quam
467 2917 603 2965 arae,
637 2898 892 2956 habetur
933 2900 1103 2956 ratio.
1193 2899 1377 2967 Nam,
1413 2900 1526 2956 etsi
1572 2899 1832 2956 noluerit
1872 2898 2004 2956 AEs-

245 2993 449 3070 chylus
492 2994 735 3051 mactari
780 2994 1292 3071 Clytaemnestram
1337 2995 1466 3071 ipso
1510 2997 1570 3052 in
1616 2995 1868 3062 tumulo,
1914 2994 1999 3068 <id

245 3091 403 3146 enim
434 3109 626 3147 coram
665 3091 885 3167 populo
914 3092 1041 3148 fieri
1071 3093 1246 3149 nimis
1275 3092 1428 3149 foret
1457 3093 1718 3149 immane
1748 3099 1810 3148 et
1840 3093 2003 3148 odio-

246 3188 399 3263 sum)
453 3186 831 3261 proferuntur
886 3193 1106 3254 tamen,
1166 3195 1228 3243 et
1283 3187 1346 3243 in
1404 3195 1727 3263 conspectu
1772 3187 1998 3261 jacent,

246 3276 421 3333 modo
452 3279 774 3335 occisorum
805 3298 1064 3354 corpora,
1084 3278 1250 3336 velut
1273 3280 1686 3349 victimarum3
1730 3298 1849 3337 non
1873 3280 1999 3336 sine

938 3505 949 3530 f
980 3505 1165 3563 C'lzo'e'ph.
1190 3508 1292 3564 387.
