2288 4036
227 203 335 255 708
725 202 1027 254 Lucretium
1052 200 1267 273 infinita
1292 211 1536 271 spectare,
1671 223 1830 255 PRAEL.
1854 223 2020 256 xxxv,

471 344 584 397 Nec,
611 344 666 388 de
688 359 875 402 corpore
897 359 999 403 quae
1022 353 1178 389 sancto
1201 346 1442 390 simulacra
1462 346 1672 390 feruntur

469 418 522 461 In
545 425 722 462 mentes
744 418 987 461 hominum
1010 418 1175 463 divinae
1196 419 1366 463 nuncia
1385 420 1560 472 formae,

471 490 709 548 Suscipere
729 491 827 535 haec
850 491 989 534 animi
1010 492 1253 551 tranquilla
1273 507 1382 550 pace
1403 493 1588 537 valebis.

226 587 416 646 Plane
448 589 614 663 quasi
654 588 907 645 minime
939 587 1137 646 vitalis
1168 589 1244 646 sit
1277 590 1419 655 vita,
1451 589 1565 655 nisi
1597 589 1775 646 detur
1814 589 2028 666 aliquis

225 673 580 762 congressus
625 692 688 742 et
733 686 1080 743 communio
1125 686 1438 744 hominum
1482 706 1619 743 cum
1654 686 1856 745 divina
1885 708 2029 764 qua-

229 784 367 841 dam
401 792 464 841 et
496 783 719 842 caelesti
751 783 996 842 familia.
1079 808 1081 810 ’

312 881 568 949 Deinde,
617 883 717 957 qui
772 881 1018 950 Bacchi,
1070 881 1372 951 HerculiS,
1423 890 1781 940 caeterorum
1834 882 2047 957 rejicit¹

225 987 410 1055 atque
466 988 821 1056 aspernatur
872 979 1165 1047 historiae,
1213 981 1376 1037 idem
1427 1000 1549 1038 non
1598 988 1840 1038 veretur
1886 980 2030 1056 Epi-

225 1097 435 1134 curum
485 1079 751 1135 suumin
786 1097 1107 1135 numerum
1139 1078 1411 1136 Deorum
1457 1078 1891 1137 immortalium
1938 1098 2030 1135 re-

226 1176 380 1234 ferre
401 1184 441 1234 ⁰.

467 1298 582 1343 Haec
603 1298 744 1356 igitur
766 1298 845 1358 qui
867 1305 1033 1343 cuncta
1056 1298 1300 1357 subegerit,
1324 1315 1379 1344 ex
1400 1300 1642 1359 animoque

465 1373 704 1431 Expulerit
727 1373 875 1427 dictis,
898 1389 993 1418 non
1015 1375 1169 1427 armis,
1192 1390 1345 1419 nonne
1368 1374 1543 1419 decebit

466 1446 607 1491 Hunc
630 1446 864 1492 hominem
886 1463 1079 1493 numero
1103 1448 1277 1492 Divum
1301 1447 1528 1506 dignarier
1549 1449 1678 1491 esse?

222 1541 402 1600 Adeo
434 1564 636 1625 carere
674 1565 794 1602 non
831 1546 1033 1622 potuit
1071 1566 1148 1603 ne
1188 1546 1393 1622 impiae
1424 1545 1670 1622 quidem
1702 1543 2028 1621 disciplinae

221 1642 493 1713 antisteS,
542 1663 722 1719 quem
783 1651 1248 1721 prosequeretur
1307 1644 1407 1721 pio
1468 1663 1726 1720 caroque
1785 1642 2026 1711 affectU,

220 1737 570 1817 longissime
602 1741 745 1799 licet
778 1750 1081 1799 remotum
1115 1762 1149 1799 e
1183 1741 1530 1800 mortalium
1562 1741 1768 1800 oculis.

308 1837 594 1897 Diximus
641 1840 716 1898 de
767 1860 967 1898 rerum
1016 1841 1278 1917 ipsarum
1332 1848 1562 1910 tenore,
1609 1840 1716 1898 tali
1762 1839 2025 1916 quidem,

219 1944 289 1995 ut
334 1958 511 2014 poene
557 1939 913 1997 confirmare
959 1941 1168 2007 ausim,
1207 1939 1457 1997 inversis
1503 1939 1693 1996 ferme
1731 1958 1862 2014 quae
1908 1938 2026 1996 dici

221 2035 498 2094 solebant
547 2038 622 2094 de
676 2038 862 2114 ipsius
911 2037 1158 2114 Epicuri
1206 2039 1496 2104 doctrina,
1530 2037 1754 2097 Verbis
1803 2036 2028 2094 Lucre-

221 2136 376 2192 tium
408 2135 624 2194 tollere
658 2136 1129 2206 Providentiam,
1162 2157 1226 2195 re
1257 2137 1617 2213 relinquere.
1687 2135 2027 2195 Veniamus

222 2254 382 2292 nunc
413 2235 488 2292 ad
521 2234 776 2293 formam
810 2235 1233 2312 disputationis
1267 2235 1662 2298 Lucretianae‚
1693 2236 2025 2311 modosque

221 2334 349 2410 ejus
400 2334 706 2412 cogitandi
770 2354 839 2392 ac
900 2334 1204 2410 loquendi.
1302 2333 1467 2391 Nam
1529 2353 1607 2391 ex
1660 2353 1732 2391 ea
1785 2353 2025 2410 quoque

219 2440 391 2509 parte
435 2433 565 2489 fieri
609 2440 828 2510 potest,
862 2440 933 2491 ut
974 2434 1113 2491 edat
1147 2434 1278 2509 quis
1310 2432 1591 2509 exempla
1635 2433 1885 2490 minime
1916 2432 2026 2489 du-

221 2531 320 2589 bia
364 2530 625 2609 religiosi
671 2532 874 2602 animi,
913 2534 1254 2609 intentique
1299 2532 1361 2588 in
1407 2551 1478 2589 ea
1513 2551 1647 2608 quae
1689 2531 2021 2589 humanum

220 2632 471 2688 modum
517 2640 821 2707 superant.
913 2632 1051 2702 Quo
1088 2633 1150 2689 in
1194 2651 1416 2710 genere
1453 2631 1800 2689 habendum
1832 2640 1924 2688 est
1954 2630 2023 2687 il-

219 2729 342 2798 lud,
375 2731 536 2806 quod
568 2730 812 2789 solertia
842 2733 1101 2807 quadam
1133 2739 1392 2789 utuntur
1421 2731 1739 2806 scriptores
1763 2729 2020 2787 venandi

221 2828 400 2896 locOS,
435 2836 497 2885 et
527 2830 799 2887 verit-atis
831 2831 1128 2899 eruendae,
1154 2831 1201 2888 si
1235 2830 1379 2906 quid
1412 2830 1643 2906 uspiam
1676 2829 2022 2905 conspicere

219 2933 524 3002 poterunt,
575 2930 734 3004 quod
789 2949 986 2986 rerum
1045 2930 1370 2986 admoneat
1419 2948 1671 3004 quarum
1726 2928 2021 2986 desiderio

220 3032 525 3083 tenentur.
615 3026 827 3103 Atque
868 3028 930 3084 in
974 3027 1088 3085 hac
1120 3028 1245 3086 sive
1275 3034 1404 3084 arte
1435 3045 1542 3085 seu
1572 3026 1864 3084 facultate
1898 3027 2021 3084 Lu-

220 3123 442 3181 cretius
486 3131 707 3194 noster,
755 3127 1027 3184 omnium
1076 3146 1387 3195 consenSU,
1437 3126 1659 3203 primas
1708 3127 1820 3185 sibi
1864 3146 2021 3185 sem-

217 3241 326 3298 per
355 3222 702 3280 vindicavit.
794 3223 1004 3282 Etiam
1051 3224 1139 3282 illi
1170 3226 1273 3302 qui
1313 3225 1513 3282 minus
1544 3234 1756 3283 curant
1787 3244 1858 3283 ea
1888 3245 2020 3302 quae

219 3316 547 3377 Poetarum
595 3327 735 3377 sunt
781 3322 1035 3398 propria,
1076 3322 1274 3380 solent
1319 3323 1599 3380 admirari
1645 3342 1803 3391 eum,
1835 3342 2017 3400 quam

218 3417 526 3495 ingeniose
571 3419 822 3478 minima
852 3439 1110 3497 quaeque
1147 3421 1409 3498 arripiat,
1440 3441 1510 3480 ac
1540 3420 1719 3498 plane
1749 3421 2015 3488 fortuita,

939 3623 959 3645 c
995 3615 1129 3659 Lucr.
1154 3628 1197 3674 5.
1222 3628 1295 3674 50.
