2288 4036
257 197 366 251 700
790 197 1093 250 Lucretium
1118 215 1218 249 mm
1244 196 1387 249 modo
1414 196 1550 260 vitoe,
1705 215 1865 249 PRAEL.
1887 216 2056 248 xxxv,

501 336 679 381 Oscitat
701 337 943 394 extemplo,
965 335 1113 395 tetigit
1135 351 1279 396 quum
1299 337 1456 382 limina
1477 338 1609 389 villae,

500 411 596 455 Aut
619 410 712 455 abit
732 410 780 454 in
803 424 1019 454 somnum
1043 410 1211 467 graviS,
1234 417 1369 470 atque
1390 410 1558 455 oblivia
1579 411 1755 470 quaerit,

499 484 596 528 Aut
617 483 752 528 etiam
771 498 1020 541 properans
1043 484 1205 528 urbem
1225 485 1353 542 petit,
1376 491 1510 544 atque
1530 484 1700 529 revisit.

346 580 701 640 Communis
728 580 1002 657 profecto
1027 581 1266 638 dicendi
1291 580 1477 650 color,
1498 589 1561 639 et
1586 588 1618 612 “
1634 581 1850 658 dignus
1874 601 2059 659 prope

260 680 491 747 s0000‚”
521 689 592 737 ut
637 679 722 737 ait
771 678 1098 738 Horatius:
1151 681 1301 738 adeo
1343 700 1485 739 vera
1529 699 1622 738 res
1667 680 1763 757 agi
1805 680 2061 747 videtur,

261 797 535 854 veraeque
561 797 736 836 voces
759 778 893 854 ejici
926 797 1004 835 ex
1035 778 1158 835 imo
1190 785 1455 855 pectore.
1525 777 1828 836 Grandius
1859 777 2062 835 nescio

261 878 405 954 quid
438 884 653 937 sonant
686 876 1027 954 Sophoclea
1040 874 1062 909 ‘¹
1086 897 1099 935 t

624 987 682 1044 μὴ
706 988 842 1046 φῦναι
864 988 941 1032 τὸν
961 985 1130 1033 ἅπαντα

624 1064 719 1120 νικᾷ
740 1062 894 1121 λόγον,
917 1063 984 1115 τὸ,
1008 1061 1062 1115 δ’,
1085 1061 1179 1107 ἐπεὶ
1201 1064 1338 1121 φανῇ,

625 1138 756 1195 βῆναι
778 1135 932 1189 κεῖθεν,
956 1135 1059 1182 ὅθεν
1079 1155 1162 1195 περ
1184 1136 1292 1194 ἥκει,

625 1210 743 1257 πολὺ
766 1209 985 1268 δεύτερον,
1009 1211 1067 1257 ὡς
1088 1209 1294 1269 τάχιστα.

626 1284 684 1330 ὡς
704 1282 789 1329 εὖτ’
812 1281 864 1329 ἂν
885 1285 935 1328 τὸ
959 1282 1057 1329 νέον
1077 1287 1194 1342 παρῇ

625 1356 796 1417 κούφας
817 1357 1079 1417 ἀφροσύνας
1100 1356 1258 1417 φέρον,

626 1432 692 1478 τίς
711 1431 923 1491 πλάγχθη
945 1430 1233 1490 πολύμοχθος
1254 1432 1339 1491 ἕξω
1353 1451 1367 1485 ;

628 1507 695 1552 τίς
717 1506 768 1551 οὐ
790 1507 992 1564 καμάτων
1012 1506 1075 1551 ἕνι
1092 1525 1106 1560 ;

627 1581 775 1639 φόνοι,
800 1578 999 1633 στάσεις,
1022 1580 1126 1639 ἔρις,
1148 1579 1301 1639 μάχαι,

629 1654 699 1698 καὶ
721 1653 902 1712 φθόνος·
939 1655 989 1698 τό
1012 1673 1060 1698 τε
1082 1653 1388 1713 κατάμεμπτον

630 1726 896 1788 ε’πιλὲλσγχε
917 1726 1131 1786 πύματον,

630 1801 829 1859 ἀκρατὲς,
850 1802 1175 1861 ἅπροσόμιλον,

627 1875 767 1932 γῆρας
787 1872 970 1933 ἄφιλον,
993 1872 1061 1919 ἵνα
1082 1875 1314 1932 πρόπαντα

630 1948 738 1991 κακὰ
759 1952 899 1992 κακῶν
920 1948 1125 2004 ξυνοικεῖ.

269 2044 450 2114 Huic,
482 2052 553 2103 ut
587 2046 841 2114 videtur,
873 2046 1124 2104 minime
1155 2045 1354 2103 vitalis
1392 2051 1484 2103 est
1516 2044 1658 2113 vita,
1690 2050 1936 2121 propter
1980 2044 2070 2100 in-

268 2145 514 2203 stabiles
562 2144 851 2203 Fortunae
903 2144 1084 2214 lusus,
1133 2155 1196 2202 et
1245 2143 1405 2202 mala
1449 2145 1826 2203 extrinsecus
1872 2143 2072 2200 immi-

267 2245 491 2302 nentia.
585 2244 763 2313 Quod
812 2253 1037 2311 eontra,
1091 2244 1378 2302 Lucretio
1423 2244 1649 2320 judice,
1698 2242 1849 2300 nihil
1901 2242 1962 2299 in
2010 2260 2073 2299 se

267 2343 470 2410 habet,
521 2344 682 2419 quod
743 2363 892 2420 pure
952 2343 1305 2420 tranquillet
1364 2343 1653 2412 animum,
1701 2362 1778 2400 ne
1837 2339 2074 2418 placida

269 2443 515 2519 quidem
561 2450 624 2500 et
665 2443 871 2519 quieta
916 2444 1044 2520 ejus
1090 2442 1376 2501 conditio.
1467 2441 1755 2500 Tenerius
1799 2440 1903 2499 illa
1934 2439 2074 2500 Vir-

268 2541 493 2619 giliana
511 2550 551 2610 θ,

515 2653 705 2712 Optima
726 2668 919 2713 quaeque
941 2652 1036 2697 dies
1058 2652 1236 2697 miseris
1258 2651 1527 2696 mortalibus
1550 2651 1635 2696 aevi

514 2728 667 2773 Prima
687 2729 820 2787 fugit,
841 2729 1041 2774 subeunt
1062 2728 1212 2773 morbi
1233 2728 1466 2786 tristisque
1487 2733 1713 2777 senectus,

514 2802 574 2846 Et
594 2803 724 2847 labor
747 2810 791 2847 et
813 2802 940 2848 durae
962 2804 1079 2861 rapit
1099 2802 1388 2847 inclementia
1408 2800 1582 2845 mortis.

272 2898 445 2955 Nihil
493 2917 748 2975 usquam
789 2898 1127 2977 elegantius
1173 2899 1438 2966 diotum3
1488 2897 1592 2955 sed
1635 2913 1844 2953 vereor
1889 2902 1957 2951 ut
1998 2894 2073 2955 ad

270 2996 563 3076 ἐναργείαν
596 2996 1023 3056 Lucretianam
1056 2997 1366 3055 accedant.
1441 2996 1598 3054 Rem
1630 2993 2074 3071 quodammodo

269 3096 606 3172 generatim
638 3097 890 3172 exponit
911 3096 1224 3174 Virgilius,
1251 3095 1591 3173 philosophi
1623 3113 1825 3151 more:
1869 3098 2074 3149 nostro

272 3194 530 3259 dicente,
563 3193 908 3270 legentibus
938 3194 1000 3251 in
1034 3194 1239 3252 ooulos
1270 3194 1541 3252 incurrit.

359 3291 592 3363 Nonne!
617 3292 864 3349 demum
906 3294 1183 3369 proxima
1224 3293 1468 3370 pietatis
1499 3298 1656 3359 sunt,
1688 3289 1906 3367 quibus
1937 3308 2076 3346 cau-

272 3409 397 3447 sam
429 3388 573 3446 mali
605 3390 760 3445 tanti
794 3390 1149 3448 confirmare
1181 3392 1379 3469 pergit
1398 3386 1454 3448 f?

516 3497 620 3542 Hoc
643 3513 690 3542 se
712 3498 904 3558 quisque
926 3499 1064 3543 modo
1087 3499 1230 3558 fugit:
1265 3507 1325 3553 at,
1349 3515 1486 3559 quem
1509 3499 1691 3550 scilicet,
1716 3505 1766 3542 ut
1789 3497 1853 3549 fit,

331 3621 355 3652 ‘¹
381 3620 485 3665 OEd.
514 3620 608 3665 Col.
638 3621 767 3678 1289.
1015 3627 1035 3650 e
1064 3620 1222 3676 Geor-9.
1247 3634 1290 3677 3.
1316 3618 1389 3664 66.
1636 3620 1652 3651 f
1678 3618 1815 3666 Lucr.
1838 3633 1877 3676 3.
1909 3618 2040 3665 1081.
