2288 4036
187 107 297 158 824

190 243 323 286 AEoli
360 243 623 294 ἐπεισόδιον,
656 242 717 285 Χ1.
745 243 846 300 178.
879 242 1021 286 civilis
1051 242 1131 286 otii

251 304 492 360 exemplar,
513 303 612 357 184.

190 362 455 420 AEqualium
479 363 752 419 scriptorum
774 369 896 414 nota,
918 361 979 405 ix.
1001 362 1098 405 126.

188 421 338 480 Ἀερία
381 438 463 467 cur
497 430 684 467 vocetur
721 421 971 479 AEgyptus‚
1005 421 1129 465 xxiii.

251 481 355 539 456

189 542 513 585 AErumnarum
578 541 885 585 humanarum
963 539 1130 598 duplex

251 617 455 659 campus,
480 601 603 645 xxiii.
623 614 727 656 442.

188 662 439 720 AEschylus
461 661 516 706 de
537 661 806 705 bellatorum
832 661 1015 719 clypeis,
1038 659 1130 704 viii.

255 736 355 780 113.
410 723 507 780 ejus
555 721 765 765 horrores
815 720 862 763 in
907 719 1131 779 Odysseia

249 781 457 850 praeludi,
476 781 567 825 xiii.
589 780 690 825 216.
714 797 788 825 xv.
807 781 908 837 258.
942 780 1129 837 Tragoe-

251 842 337 886 diae
374 842 598 893 inventor,
642 841 748 884 xvii.
784 841 883 884 288.
941 839 1132 884 Homeri

250 902 524 954 simillimus,
550 902 652 959 289,
679 915 780 960 297.
814 900 860 943 in
884 900 1041 943 multis
1063 907 1130 943 ta-

249 977 355 1006 men
379 962 628 1014 dissimilis,
646 961 754 1004 ibid.
788 960 973 1011 tardior,
991 975 1130 1017 prop-

249 1029 317 1066 ter
354 1022 532 1066 ἐπίθετα
566 1022 810 1072 cumulata,
828 1035 930 1079 290.
964 1035 1131 1077 pauco-

249 1097 354 1126 rum
377 1089 470 1126 erat
491 1081 747 1133 hominum,
766 1095 868 1138 291.
902 1080 999 1138 ejus
1020 1079 1131 1123 Tra-

249 1141 504 1200 goediarum
543 1141 668 1194 ordo,
698 1115 805 1184 ib'z‘d.
833 1155 954 1208 seqq.
988 1155 1130 1197 remp.

249 1201 494 1270 aliquando
525 1201 736 1259 respexit,
772 1215 874 1258 294.
917 1199 1133 1259 rhythmo

250 1270 294 1306 et
310 1262 512 1306 numeris
526 1261 711 1313 tardior,
728 1260 830 1329 296.
863 1260 991 1304 miles
1005 1274 1132 1319 egre-

249 1322 371 1390 gius,
387 1334 489 1382 297.
524 1337 605 1366 cur
626 1322 675 1366 in
691 1321 880 1365 minutis
896 1320 1132 1378 negligen-

249 1384 352 1435 tior,
368 1383 470 1441 298.
505 1382 705 1441 vulgaris
736 1381 791 1425 de
813 1396 866 1426 eo
896 1381 1131 1433 sententia,

249 1444 354 1501 308.
391 1443 667 1494 Eleusinum,
685 1442 776 1486 xxi.
792 1442 895 1510 387.
929 1442 1054 1485 solus
1077 1440 1133 1485 (18

254 1503 304 1547 Ιο
317 1503 498 1548 videtur
514 1503 744 1555 cecinisse.
760 1502 884 1546 xxiii.
899 1500 1002 1556 446.
1044 1500 1132 1559 Py-

249 1563 512 1622 thagoreus,
531 1563 637 1606 xvii.
653 1574 758 1621 305.
781 1562 871 1606 xxi.
888 1573 992 1620 395.
1007 1561 1131 1605 ΧΧ111.

250 1638 355 1678 440.
388 1630 502 1667 teste
522 1623 756 1675 Cicerone,
773 1623 865 1666 xix.
884 1633 989 1680 345.
1022 1623 1132 1679 πρό-

250 1703 371 1728 νοιαν
391 1683 756 1751 Agamemnonia
783 1682 987 1741 τριλογίᾳ
1009 1696 1133 1726 com-

250 1743 497 1796 mendavit,
528 1743 651 1788 xviii.
676 1743 780 1811 318.
814 1758 889 1786 xx.
908 1743 1012 1800 358.
1053 1757 1135 1786 cur

250 1804 298 1847 in
338 1803 608 1847 Prometheo
645 1804 758 1847 mire
789 1810 997 1861 angatur,
1028 1817 1133 1860 322.

251 1864 484 1923 quomodo
514 1879 561 1908 se
586 1863 772 1907 tandem
807 1863 1012 1931 explicet,
1027 1877 1133 1921 323.

249 1931 355 1983 post
370 1923 640 1968 Promethea
656 1923 925 1967 sententiam
943 1923 1135 1967 fortasse

250 1984 458 2037 mutavit,
489 1998 593 2054 331.
625 1984 682 2028 cf.
714 1983 837 2027 xxiii.
873 1994 977 2041 450.
1013 1998 1133 2027 nun-

251 2060 390 2113 quam
418 2045 466 2088 in
493 2045 571 2104 jus
596 2044 719 2088 venit
750 2043 981 2100 religionis
1011 2059 1134 2102 ergo,

250 2105 343 2149 xix.
396 2119 499 2163 333.
552 2104 851 2173 Theologiam
906 2103 1136 2148 duriorem

283 2165 487 2209 uomodo
539 2164 826 2222 mitigaverit,
879 2164 987 2208 ibid.
1035 2179 1134 2222 sqq.

253 2180 511 2270 aresteiam
543 2225 739 2283 scripsit,
764 2232 816 2268 ut
838 2239 995 2282 poenas
1021 2223 1135 2269 divi-

252 2301 335 2330 nas
372 2285 638 2337 inculcaret,
658 2284 762 2344 336.
807 2284 1006 2353 ferarum
1042 2285 1135 2329 avi-

252 2361 425 2405 umque
461 2360 634 2397 amans,
658 2359 763 2404 340.
794 2344 852 2389 cf.
880 2344 1004 2389 ΧΧ111.
1028 2357 1133 2404 457.

254 2405 310 2450 (18
330 2405 525 2450 luscinia
545 2379 656 2465 qui’d
678 2405 883 2457 senserit,
900 2419 1004 2463 342,
1028 2419 1132 2464 343.

254 2466 465 2519 Numini,
501 2481 597 2510 non
629 2465 737 2518 fato,
775 2465 929 2509 omnia
956 2465 1132 2520 tribuit,

254 2538 358 2585 352.
393 2526 506 2571 mire
531 2526 618 2570 sibi
650 2532 844 2577 constat,
874 2526 1006 2570 annis
1035 2541 1134 2570 ver-

253 2586 484 2645 gentibus,
507 2603 583 2630 xx.
602 2598 707 2645 355.
739 2586 887 2630 tribus
912 2585 967 2630 de
989 2588 1136 2631 causis

254 2647 446 2706 auguria
474 2647 649 2691 felicius
679 2652 859 2700 tractat,
874 2646 978 2704 380.
1012 2661 1137 2691 vere-

256 2706 405 2751 cunde
433 2707 526 2765 agit
554 2722 661 2751 cum
689 2706 899 2759 mortuis,
923 2706 1014 2750 xxi.
1033 2706 1137 2762 406.

255 2767 509 2826 angebatur
523 2767 662 2811 dubia
680 2767 896 2811 Numinis
912 2767 1137 2826 aequitate,

255 2828 362 2871 xxii.
398 2838 502 2886 417.
543 2828 670 2871 litem
702 2827 1044 2885 Theologorum
1082 2827 1139 2871 ad

258 2887 383 2932 Deos
436 2887 682 2940 transtulit,
733 2899 838 2942 425.
882 2886 1030 2931 minas
1072 2886 1139 2931 di-

256 2949 384 2991 vinas
402 2948 622 3016 expressit
634 2948 797 2991 melius
808 2947 1015 3006 Virgilio,
1031 2962 1138 3051 434(g

257 3008 423 3052 scenici
456 3014 699 3066 apparatus
727 3023 919 3059 mernor,
942 3020 1046 3076 437.

256 3068 468 3112 muliebri
489 3067 640 3112 indole
660 3068 770 3127 quid
794 3068 998 3120 senserit,
1014 3068 1136 3112 xxiii.

257 3142 361 3186 439.
384 3143 481 3186 sqq.
515 3129 611 3186 ejus
640 3128 688 3171 in
720 3127 1015 3186 Supplicibus
1044 3128 1137 3186 pie-

258 3196 343 3241 tas,
382 3188 485 3243 462.
543 3187 809 3232 Graecorum
853 3188 1138 3246 religiosissi-

255 3263 376 3300 mus,
394 3246 498 3303 464.
531 3247 792 3306 Theologiae
816 3264 952 3292 causa
976 3248 1139 3292 Heroi-

258 3309 322 3353 cis
355 3308 479 3352 dedit
511 3323 711 3366 operam,
745 3309 865 3353 xxiv.
897 3309 1001 3367 478.
1043 3309 1139 3367 ejus

257 3375 301 3413 et
336 3368 519 3413 Pindari
558 3368 882 3412 dissimilitudo
915 3368 1140 3427 quaedam,

257 3429 378 3473 xxvi.
413 3439 517 3487 517.
571 3429 705 3472 etiam
748 3430 899 3478 altera,
939 3429 1043 3483 526.
1097 3436 1140 3472 et

256 3490 400 3542 tertia,
430 3499 534 3547 537.
568 3489 740 3532 comica
770 3488 983 3547 quaedam
1018 3488 1140 3557 apud

258 3564 379 3602 eum,
415 3548 680 3607 Sophocleis
713 3548 963 3600 dissimilia,
985 3549 1138 3592 xxviii.

259 3608 362 3664 566.
423 3609 648 3666 Sophocle
705 3609 970 3666 religiosior,
1010 3619 1137 3712 8,579

258 3669 384 3714 auxit
405 3669 567 3713 theatri
588 3669 960 3722 instrumentum,
979 3669 1036 3724 58
1039 3683 1082 3714 0.

988 104 1355 158 INDEX.

1216 243 1514 287 AEternitatis
1545 243 1668 300 apud
1700 243 1944 302 Virgilium
1977 259 2153 296 sensus,

1276 303 1430 346 xxxix.
1451 314 1553 362 797.

1218 363 1428 406 AEtheris
1464 362 1586 420 apud
1619 362 1881 406 Lucretium
1911 370 2012 407 tum
2049 379 2154 408 can—

1279 422 1376 474 dor,
1402 430 1503 466 tum
1524 421 1810 481 magnitudO,
1834 423 1956 467 xxxi.
1975 422 2078 481 654.

1219 483 1401 526 AEtneoe
1429 483 1616 526 coloniae
1647 483 1863 540 gratulari
1891 483 2154 534 Pindarum,

1279 558 1384 586 xxv.

1219 556 1587 646 AEtoliae49u3ibes
1630 602 1686 646 ab
1727 601 1931 646 Homero
1973 610 2156 660 praeter-

1279 662 1445 714 missae,
1469 663 1559 706 xvi.
1580 661 1682 705 266.

1218 721 1467 779 Affectuum
1498 721 1600 766 duae
1634 721 1819 779 specieS,
1853 723 1911 767 vi.
1938 733 2008 781 75.
2041 723 2156 790 mol-

1277 782 1443 826 liorum
1487 782 1715 826 simulatio
1758 781 1996 834 difficilior,
2034 782 2155 827 xxiv.

1278 841 1382 910 469.
1404 841 1558 910 ‘quid
1549 857 1594 885 10
1617 842 1671 885 118
1706 843 1870 899 polleat
1893 842 2156 911 Sophocles,

1277 902 1430 947 xxviii.
1459 898 1562 960 564.
1610 902 1790 946 misceri
1827 917 1904 946 eos
1937 903 1985 946 in
2022 902 2159 961 Ajace

1280 977 1385 1006 cum
1409 962 1598 1006 Naturae
1620 963 1845 1014 varietate,
1865 973 1968 1021 571.

1220 1022 1513 1079 Ayamemnon
1529 1021 1759 1081 quodam
1748 1038 1795 1066 10
1817 1023 1917 1066 1000
1939 1023 2157 1081 garriens,

1280 1082 1370 1126 viii.
1397 1096 1496 1150 ¹.¹3·
1531 1097 1627 1141 eJus
1649 1081 1838 1135 indoles
1859 1097 1959 1126 121.
1986 1083 2158 1126 insom-

1281 1142 1368 1195 nis,
1411 1143 1472 1186 ix.
1513 1157 1609 1211 ¹²9⁶.
1662 1142 1785 1200 gazis
1826 1117 2023 1194 inhians,
2067 1142 2157 1186 xiv.

1284 1216 1386 1260 232.
1420 1202 1556 1247 caedis
1574 1202 1670 1261 ejus
1693 1202 1815 1271 apud
1831 1203 1956 1247 Deos
1973 1202 2159 1253 mentio,

1281 1278 1356 1307 xv
1388 1274 1490 1321 247.
1524 1262 1701 1307 umbrae
1735 1263 1830 1321 ejus
1868 1262 2015 1316 effata,
2055 1263 2158 1317 248,

1284 1337 1341 1377 24
1377 1357 1387 1366 .

1220 1338 1514 1441 Αραηῗεφηηοη
1548 1382 1774 1442 AEschyli,
1818 1382 1934 1426 nihil
1972 1383 2021 1427 in
2066 1382 2159 1426 fato

1282 1443 1391 1501 poni
1425 1444 1538 1494 vult,
1571 1443 1694 1487 xviii.
1718 1444 1822 1501 318.
1857 1442 2081 1487 dominari
2112 1442 2160 1486 10

1281 1504 1378 1562 ejus
1414 1503 1543 1547 initio
1577 1503 1820 1547 obscuram
1852 1502 2160 1555 formidinem,

1282 1578 1386 1623 319.
1429 1563 1711 1631 προλογίζειν
1740 1563 1805 1607 ibi
1833 1563 2059 1607 comicum
2095 1562 2160 1606 fe-

1282 1639 1330 1668 re
1366 1624 1572 1676 militem,
1601 1639 1692 1667 xlx.
1723 1622 1827 1681 336.
1871 1623 2026 1667 xxviii.
2056 1621 2161 1678 566.

1282 1685 1378 1743 ejus
1409 1684 1540 1737 ratio,
1574 1694 1677 1742 337.
1732 1683 1872 1728 Chori
1908 1683 2005 1741 ejus
2040 1683 2161 1742 Πάρ-

1282 1745 1398 1796 οδος,
1422 1758 1527 1812 339.
1563 1760 1639 1788 xx.
1663 1755 1773 1803 359.
1806 1743 1983 1802 regnet
2008 1742 2161 1787 Helle-

1283 1805 1370 1849 nici
1407 1804 1604 1848 nominis
1642 1805 1885 1862 exemplar,
1916 1802 2019 1861 356.
2064 1803 2161 1862 ejus

1282 1865 1509 1933 praecipue
1551 1865 1623 1909 vel
1663 1865 1711 1908 in
1748 1864 1871 1908 caede
1913 1863 2163 1922 Iphigeniae

1283 1925 1634 1977 miserescimuS,
1660 1924 1764 1983 360,
1789 1923 1892 1983 362.
1930 1923 2164 1968 Homerici

1283 1985 1531 2038 dissimilis,
1573 1958 1676 2043 361.
1725 1985 1823 2043 ejus
1868 1983 2163 2043 ingredientis

1281 2046 1509 2104 majestas,
1543 2044 1648 2103 366.
1687 2060 1791 2090 vere
1825 2045 2161 2102 magnanimus,

1283 2105 1387 2164 367,
1409 2116 1513 2163 372.
1546 2105 1711 2150 tacitus
1733 2106 1782 2149 in
1806 2104 2089 2162 Cho'ephoris
2118 2110 2162 2148 et

1282 2167 1331 2210 in
1368 2165 1703 2233 Eumenidibus
1745 2165 1888 2217 adest,
1930 2164 2022 2208 xxi.
2056 2165 2161 2223 387,

1283 2240 1388 2284 403,
1412 2226 1516 2281 408.
1541 2225 1648 2269 ΧΧ11.
1667 2225 1771 2280 426.
1806 2240 1888 2269 cur
1910 2224 2163 2269 adducatur

1283 2286 1381 2345 ejus
1402 2286 1557 2338 vestis,
1575 2299 1680 2341 410.

1222 2346 1400 2404 Ayenor
1420 2319 1604 2391 sudoris
1623 2344 1839 2390 abluendi
1866 2344 2077 2404 cupidus,
2099 2344 2161 2388 ix.

1290 2420 1343 2464 13

1223 2416 1425 2524 Αρεείζιε,
1448 2465 1660 2511 carminis
1682 2464 1910 2510 Pindarici
1931 2464 1986 2509 de
2014 2479 2067 2509 eo
2095 2479 2166 2509 ra-

1287 2526 1365 2579 tio,
1388 2541 1494 2571 xxv.
1514 2541 1618 2585 494.

1226 2587 1487 2645 Ayrestibus
1509 2601 1604 2631 suae
1625 2593 1774 2644 partes
1796 2585 1844 2630 in
1867 2584 1999 2629 Poesi
2019 2583 2167 2629 vindi-

1290 2654 1467 2699 cantur,
1502 2647 1547 2691 ii.
1580 2646 1648 2691 16.
1698 2645 1948 2704 praesertim
1986 2644 2025 2689 si
2061 2659 2167 2689 cum

1289 2707 1477 2752 urbanis
1500 2721 1764 2775 componas,
1789 2718 1859 2764 25.
1893 2720 2053 2750 eorum
2075 2719 2167 2749 ser-

1289 2783 1483 2812 monum
1498 2783 1550 2811 10
1570 2767 1826 2811 Homericis
1847 2780 1975 2818 usuS,
1997 2782 2042 2810 x.
2067 2777 2166 2823 150.

1287 2843 1444 2872 eorum
1466 2828 1625 2885 pietas,
1647 2827 1739 2871 xiii.
1760 2842 1862 2886 219.

1229 2888 1536 2946 AqricoZarum
1549 2902 1780 2932 sermones
1796 2885 2025 2931 interdum
2042 2885 2167 2943 plus-

1288 2963 1424 3007 quam
1438 2948 1525 3006 ipsi
1539 2947 1736 3016 sapiunt,
1751 2946 1919 2991 xxxvii.
1937 2957 2038 3004 753.
2061 2959 2165 3003 gra-

1287 3008 1529 3052 tulationes
1563 3008 1768 3052 imitatur
1801 3006 2036 3064 Virgilius,
2064 3016 2164 3063 754.

1287 3083 1364 3112 eos
1421 3079 1465 3113 et
1522 3075 1694 3113 veteres
1754 3067 1948 3112 celebrat
2015 3065 2166 3117 simul,

1287 3129 1443 3173 xxxix.
1464 3128 1565 3187 786.

1227 3189 1287 3248 Α]
1288 3204 1345 3232 aa·
1372 3188 1597 3233 Achillem
1625 3187 1796 3240 laudat,
1825 3187 1916 3232 viii.
1938 3187 2036 3231 108.
2071 3185 2167 3243 ejus

1259 3207 1479 3301 JindOleS,
1504 3263 1602 3292 122.
1628 3247 1887 3307 quomodo
1876 3263 1923 3291 1n
1944 3245 2168 3315 Sophocle

1288 3316 1572 3354 commoveat
1624 3309 1815 3360 animos,
1867 3307 2020 3351 xxviii.
2063 3304 2166 3361 564.

1290 3369 1587 3427 Sophocleus,
1604 3370 1808 3412 locorum
1826 3382 1981 3412 amore
2001 3366 2168 3410 dulcis-

1290 3430 1449 3481 simus,
1477 3439 1733 3487 571—573.
1779 3428 1875 3487 ejus
1914 3442 2020 3471 cum
2056 3426 2169 3470 Tec-

1289 3505 1437 3534 messa
1457 3489 1750 3548 colloquium,
1777 3487 2033 3532 Homericis
2062 3501 2169 3544 pro-

1288 3550 1404 3607 pius,
1420 3550 1523 3604 581

1226 3609 1527 3668 Ἀλάστορος
1516 3625 1564 3653 10
1573 3609 1935 3653 facinorosorum
1953 3605 2171 3651 domibus

1288 3670 1419 3722 ratio,
1439 3669 1563 3714 xviii.
1581 3670 1684 3728 318.
