2288 4036
326 177 436 231 806
542 180 632 232 Vis
661 180 954 251 Viryiliani
980 182 1055 234 ad
1077 182 1210 234 huno
1236 201 1388 253 usque
1413 174 1549 235 diem
1577 185 1810 255 eoeempli.
1863 205 2024 238 PRAEL.
2046 205 2128 238 XL.

325 327 434 404 git,
466 348 644 403 quem
682 329 897 391 ducem
947 330 1057 386 sibi
1105 329 1419 387 adhiberet
1453 349 1559 406 per
1585 349 1800 388 arcana
1831 338 1895 388 et
1924 331 2131 389 infima

326 425 498 483 loca?
591 424 757 482 Num
809 445 1018 502 parum
1068 432 1277 501 aperte
1323 425 1656 501 profitetur,
1688 444 1828 482 eum
1860 445 1937 483 ex
1978 428 2132 484 anti—

327 527 458 602 quis
491 526 787 594 omnibuS‚
820 545 969 602 quos
1001 525 1246 602 quidem
1286 526 1524 582 noverit
1563 525 1667 582 illa
1708 532 1870 592 aetaS‚
1901 527 2130 603 optime

326 624 561 681 munire
595 623 771 689 viam,
805 623 1124 680 veritatem
1157 621 1624 699 indagantibus?
1717 621 1937 698 Neque
1968 623 2131 680 enim

325 722 613 781 credibile
645 730 752 789 est,
789 722 1099 779 Poeticam
1137 722 1257 778 vim
1290 741 1360 779 ac
1393 721 1778 778 dulcedinem
1817 721 1999 779 fuisse
2039 740 2132 778 so-

326 822 446 880 lam
489 823 549 879 in
593 842 773 880 causa
813 830 938 880 tam
982 823 1149 899 gravi
1190 822 1482 898 scriptori,
1515 841 1622 878 cur
1657 821 1718 878 in
1759 819 1865 879 tali
1897 840 1962 878 re
1993 821 2132 879 sub-

326 924 477 980 sidio
524 924 651 999 ejus
697 931 991 980 uteretur.
1086 921 1285 979 Immo
1325 941 1467 978 vero
1515 919 1832 979 Platonica
1869 920 2130 999 Virgilii,

326 1021 474 1078 mihi
509 1021 756 1090 credite,
790 1021 1037 1088 somnia,
1072 1021 1444 1094 obscuraque
1476 1021 1551 1078 de
1582 1020 1716 1077 Diis
1750 1019 2039 1077 Manibus
2070 1027 2133 1078 et

325 1121 399 1178 de
453 1127 617 1178 statu
679 1127 1056 1176 mortuorum
1119 1121 1384 1197 auguria,
1439 1119 1783 1177 insederant
1836 1118 2016 1178 altius
2069 1120 2131 1176 in

324 1221 468 1296 ipsis
510 1219 855 1296 praecordiis
901 1220 1105 1296 magni
1152 1239 1221 1277 ac
1267 1218 1532 1295 praeclari
1574 1219 1718 1287 viri;
1765 1238 1960 1295 neque
2007 1218 2132 1276 ullo

323 1320 504 1377 modo
538 1319 649 1376 sibi
682 1328 1022 1395 temperare
1053 1319 1271 1395 potuit,
1305 1318 1450 1394 quin
1476 1317 1804 1396 Virgilium
1829 1320 2133 1396 judicaret

323 1419 613 1477 divinitus
660 1419 1107 1495 quodammodo
1155 1419 1280 1476 dari
1334 1417 1699 1485 hominibus,
1747 1420 1848 1495 qui
1897 1420 2131 1477 aditum

322 1527 560 1597 pararet
609 1519 874 1596 ingenuo
929 1519 1148 1594 cuique
1202 1518 1276 1575 ad
1325 1536 1527 1575 veram
1582 1517 1955 1595 solidamque
2009 1518 2135 1595 pie-

326 1626 539 1677 tatem.

417 1717 627 1787 Quid?
693 1720 1054 1794 posteriores
1106 1719 1331 1795 quique
1388 1718 1613 1787 Poetae,
1668 1719 1769 1794 qui
1827 1717 1919 1775 vel
1973 1719 2131 1795 apud

328 1818 518 1876 Italos
542 1817 637 1875 vel
671 1819 828 1895 apud
863 1837 972 1875 nos
1005 1820 1308 1896 egregiam
1343 1819 1455 1876 sibi
1488 1818 1730 1876 laudem
1759 1826 2132 1888 meruerunt,

325 1938 463 1975 cum
491 1919 655 1994 prius
677 1917 912 1976 Latinis
936 1917 1126 1975 literis
1151 1918 1372 1976 imbuti
1395 1917 1683 1987 fuissent3
1716 1918 1923 1995 quales
1943 1926 2133 1987 erant,

326 2018 493 2077 verbi
517 2018 729 2096 gratia,
756 2018 854 2075 hic
881 2017 1216 2095 Spenserus
1247 2025 1468 2085 noster,
1489 2017 1614 2075 illic
1634 2017 1974 2094 Torquatus
1993 2018 2135 2077 Tas-

326 2138 458 2177 sus:
501 2137 703 2175 nonne
733 2118 819 2175 ita
849 2117 1123 2194 plerique
1155 2118 1539 2194 scripserunt,
1563 2125 1634 2175 ut
1665 2117 1916 2195 singulis
1943 2117 2134 2176 ferme

324 2219 558 2296 paginis
593 2217 917 2275 Maronem
951 2216 1061 2274 sibi
1096 2224 1405 2274 sumerent
1450 2215 1851 2294 magistrum?
1907 2216 2133 2274 Nonne

324 2335 608 2394 magnam
641 2323 875 2392 partem
901 2334 977 2372 ex
1010 2315 1128 2373 illis
1159 2316 1492 2373 dimanavit
1523 2316 1597 2372 ad
1632 2315 1738 2373 has
1769 2316 2134 2373 recentiores

328 2415 656 2474 Poetarum
689 2414 946 2473 familias
980 2414 1355 2493 Virgilianus
1386 2416 1631 2492 quidam
1682 2433 1871 2491 sapor,
1904 2422 1967 2472 et
1998 2413 2134 2471 reli-

325 2516 492 2594 giosa
543 2517 746 2574 nescio
793 2535 923 2591 quae
972 2514 1226 2572 Naturae
1280 2515 1530 2591 ejusque
1576 2513 1926 2572 deliciarum
1981 2514 2137 2572 aesti-

328 2615 557 2673 matio?
613 2635 732 2691 qua
785 2614 1034 2682 scilicet,
1088 2620 1158 2671 ut
1218 2633 1357 2672 suos
1403 2613 1672 2683 Quirites
1725 2613 2134 2671 vindicaverat

327 2723 469 2773 ante
509 2714 586 2772 ab
631 2714 881 2771 immani
928 2713 1032 2771 illa
1070 2721 1132 2771 et
1171 2713 1459 2771 bellicosa
1489 2713 1750 2780 feritate,
1783 2712 1867 2769 sic
1898 2719 2135 2769 nostros

326 2814 603 2872 homines
648 2834 683 2872 a
727 2810 1052 2894 κακοζηλίᾳ,
1085 2833 1217 2890 quae
1248 2821 1517 2879 vocatur,
1550 2813 1899 2880 vindicaret,
1936 2830 2134 2888 neque

326 2913 638 2990 ingenium
661 2913 895 2990 judicio
927 2933 1147 2980 carere,
1174 2920 1237 2970 et
1270 2912 1469 2989 specie
1502 2912 1643 2970 boni
1676 2911 1803 2970 falli
1835 2913 2077 2970 sineret.

415 3009 553 3066 “At
603 3011 765 3066 enim
816 3010 1000 3067 iidem
1047 3011 1095 3067 si
1143 3030 1283 3068 cum
1325 3010 1630 3067 veteribus
1667 3018 2131 3085 componuntur,

328 3107 508 3184 longe
540 3107 815 3184 plerique
843 3109 1103 3185 impares
1127 3109 1500 3166 evaserunt.’‘
1555 3107 1707 3177 Quis
1738 3107 1962 3185 neget?
1999 3115 2133 3165 tum

326 3214 574 3283 propter
610 3208 886 3264 imitandi
929 3227 1138 3285 genus,
1172 3228 1290 3284 quo
1322 3208 1451 3284 ipso
1483 3207 1701 3285 frigere
1734 3206 1889 3264 solet
1921 3225 2134 3264 manus

326 3304 547 3380 alioqui
595 3325 716 3361 non
762 3307 1003 3382 penitus
1042 3309 1280 3384 inepta;
1330 3315 1462 3364 tum
1496 3306 1573 3363 ob
1605 3306 1968 3364 commercia
1999 3304 2135 3362 lite-

327 3424 527 3462 rarum
566 3406 965 3482 ingenuarum
999 3406 1235 3484 longius
1267 3409 1327 3464 in
1361 3426 1540 3464 omne
1584 3425 1775 3483 genus
1816 3405 2132 3462 hominum

329 3502 558 3571 diffusa,
606 3505 848 3562 nemine
896 3505 1144 3572 scilicet,
1186 3506 1274 3562 uti
1322 3525 1481 3562 nunc
1528 3525 1621 3562 res
1668 3524 1731 3562 se
1777 3505 1978 3572 habet,
2011 3523 2132 3560 non

328 3610 543 3660 vocato
592 3603 651 3660 in
701 3603 1067 3662 liberrimam
1103 3624 1309 3662 earum
1352 3605 1573 3662 artium
1621 3604 2132 3671 communionem,
