2288 4036
175 164 284 221 786
383 166 690 218 Lucretium
713 183 812 236 φα,
845 163 1129 234 Viryilium
1152 164 1402 216 memoria
1412 163 1559 234 frui.
1601 184 1760 218 PRAEL.
1783 184 1973 217 xxxix,

176 315 503 391 gumentis.
596 312 692 371 Ac
739 315 1001 390 primum
1040 313 1264 384 videte,
1296 313 1565 384 obsecro,
1597 331 1776 389 quam
1820 313 1976 370 bene

178 413 542 470 conveniant
602 431 691 480 ea,
754 431 887 488 quae
947 411 1240 479 dicebam,
1302 409 1618 469 Platonica
1676 429 1815 468 cum
1874 408 1978 466 illa

179 511 422 587 capitali
478 510 838 588 Virgilianae
901 509 1160 568 Poeseos
1227 518 1389 579 nota,
1442 511 1602 587 quod
1663 509 1713 568 is
1776 509 1977 566 omnia

179 610 385 667 referri
440 611 673 668 curavit
720 610 790 667 ad
845 609 1288 686 praeteritorum
1347 611 1548 686 potius
1607 609 1976 674 memoriam,

180 728 361 785 quam
408 709 483 766 ad
526 709 823 767 venientis
869 709 985 765 aevi
1031 727 1219 785 spem.
1311 707 1443 767 Usu
1492 707 1775 766 videlicet
1819 726 1983 765 com-

181 809 463 885 perimuS,
497 809 598 884 qui
630 827 770 866 cum
804 806 1090 865 Lucretio
1137 808 1424 876 sentiunt,
1465 808 1600 867 illos
1642 827 1747 885 spe
1788 806 1983 865 addis-

182 909 356 966 cendi
404 908 631 985 aliquid
677 909 740 965 in
785 906 1072 965 ulteriora
1117 926 1355 985 semper
1394 908 1552 978 ferri,
1598 915 1780 985 atque
1831 906 1982 965 adeo

183 1008 524 1085 prospicere
561 1007 1007 1084 quodammodo
1058 1014 1347 1084 tanquam
1394 1007 1456 1065 in
1496 1007 1745 1086 pelagus
1789 1006 1986 1064 infini-

184 1115 318 1165 tum
357 1116 421 1166 et
457 1109 856 1166 immensum:
909 1102 1155 1184 Virgilii
1201 1126 1341 1165 vero
1387 1114 1685 1166 amatores
1729 1106 1990 1164 libenter

185 1206 482 1282 respicere
528 1206 917 1263 tenerrimam
962 1211 1222 1273 aetatem,
1257 1204 1517 1281 pueriles
1562 1203 1744 1273 lusuS,
1775 1210 1990 1261 caetera

186 1324 326 1381 quae
371 1304 448 1362 ad
493 1311 838 1363 anteactam
872 1303 1059 1361 vitam
1106 1304 1430 1380 pertinent.
1522 1302 1655 1362 Hos
1699 1302 1991 1360 memoria

190 1407 442 1474 detinet,
473 1404 608 1463 illos
640 1404 1006 1481 expectatio,
1076 1402 1270 1462 Verbi
1303 1422 1482 1462 causa
1513 1403 1608 1476 (ut
1633 1402 1990 1460 Lucretium

189 1503 438 1560 tandem
484 1503 888 1581 omittamus),
931 1502 1113 1571 canit,
1159 1510 1229 1560 ut
1270 1521 1470 1571 nem0,
1500 1500 1793 1580 Virgilius
1823 1500 1992 1557 verni

190 1603 482 1679 temporis
513 1601 723 1660 laudes
754 1621 823 1660 ac
856 1601 1101 1660 delicias
1119 1609 1167 1670 g,

617 1727 714 1773 Ubi
734 1728 915 1786 pulsam
936 1727 1134 1772 hiemem
1158 1726 1238 1772 Sol
1258 1742 1422 1772 aureus
1445 1727 1537 1786 egit

436 1799 534 1847 Sub
557 1808 714 1854 terras,
738 1802 994 1860 caelumque
1015 1800 1173 1845 aestiva
1193 1801 1295 1845 luce
1316 1800 1526 1846 reclusit:

194 1916 298 1974 sed
350 1915 467 1972 ista
520 1913 842 1972 dulcedine
895 1921 1031 1971 tum
1085 1914 1333 1971 demum
1381 1914 1711 1991 impensius
1758 1913 1995 1982 fruitur,

194 2035 333 2074 cum
365 2014 597 2072 mentio
621 2014 896 2090 quaedam
926 2013 1197 2090 pristinae
1229 2015 1423 2071 aetatis
1454 2013 1666 2071 incidit
1686 2008 1734 2071 ¹¹.

437 2136 547 2180 Non
569 2136 680 2181 alios
702 2135 850 2194 prima
871 2135 1114 2180 crescentis
1137 2135 1310 2195 origine
1332 2132 1496 2180 mundi

439 2210 651 2255 Illuxisse
673 2210 782 2263 dies,
805 2210 1002 2255 aliumve
1022 2209 1239 2255 habuisse
1259 2218 1464 2256 tenorem

439 2283 748 2329 Crediderim:
783 2299 862 2328 ver
882 2283 998 2329 illud
1020 2291 1139 2328 erat:
1174 2298 1252 2328 ver
1274 2298 1469 2341 magnus
1491 2283 1654 2342 agebat

440 2356 596 2412 Orbis,
618 2366 662 2404 et
683 2358 901 2419 hybernis
923 2358 1168 2416 parcebant
1189 2357 1372 2403 flatibus
1396 2358 1523 2402 Euri.

298 2474 485 2535 Porro
532 2475 929 2555 agriculturae,
971 2489 1106 2534 tum
1151 2476 1418 2534 maxime
1466 2495 1502 2534 a
1546 2495 1609 2534 se
1657 2475 1994 2544 celebratae,

186 2578 461 2656 jejunam
504 2583 568 2634 et
611 2576 1033 2653 imperfectam
1088 2576 1334 2634 videbat
1386 2575 1513 2633 fore
1571 2575 2000 2644 laudationem,

197 2677 256 2734 ni
291 2676 646 2735 memoriam
677 2675 870 2734 beatae
901 2674 1064 2734 illius
1094 2675 1473 2753 antiquitatis
1503 2676 1863 2734 admisceret
1881 2672 1914 2734 ἱ.

442 2801 577 2846 Hanc
600 2801 710 2846 olim
730 2807 903 2846 veteres
924 2801 1066 2846 vitam
1087 2801 1267 2845 coluere
1292 2800 1464 2854 Sabini,

443 2875 578 2920 Hanc
603 2875 775 2920 Remus
797 2882 841 2920 et
863 2875 999 2920 frater
1017 2892 1026 2919 :
1062 2875 1127 2920 sic
1149 2874 1280 2919 fortis
1303 2875 1487 2919 Etruria
1508 2875 1662 2928 crevit,

443 2947 622 2993 Scilicet
644 2955 688 2992 et
709 2963 864 2993 rerum
885 2948 1004 2993 facta
1026 2955 1093 2993 est
1114 2948 1418 3007 pulcherrima
1441 2948 1601 2994 Roma.

441 3023 562 3067 Ante
584 3022 720 3067 etiam
743 3029 976 3082 sceptrum
1001 3022 1168 3067 Dictaei
1189 3023 1325 3082 regis,
1350 3031 1393 3068 et
1414 3032 1519 3068 ante

445 3096 594 3155 Impia
615 3110 753 3156 quam
775 3097 904 3142 caesis
927 3112 1041 3156 gens
1062 3104 1130 3142 est
1153 3098 1332 3156 epulata
1345 3098 1571 3157 juvencis,

443 3170 625 3215 Aureus
647 3170 766 3216 hanc
788 3171 928 3217 vitam
949 3171 998 3216 in
1018 3171 1149 3216 terris
1174 3170 1401 3216 Saturnus
1423 3172 1599 3231 agebat.

290 3283 474 3343 Dicat
494 3284 744 3343 forsitan
768 3285 1001 3363 aliquiS,
1025 3293 1057 3317 ‘⁶
1079 3285 1204 3357 Qui
1233 3286 1360 3344 fieri
1390 3288 1674 3364 potuerit,
1694 3294 1765 3345 ut
1795 3288 1857 3344 in
1881 3306 2008 3346 cara

202 3383 466 3442 minibus
497 3381 850 3460 Virgilianis
879 3385 1101 3462 primas
1147 3385 1260 3443 sibi
1299 3385 1631 3444 vindicaret
1675 3387 2007 3464 praeterito·-

326 3569 352 3600 8
378 3562 537 3618 Geory.
562 3578 605 3618 4.
629 3575 704 3620 51.
951 3563 977 3594 h
998 3565 1113 3610 Ibid.
1138 3580 1180 3610 2.
1204 3566 1308 3625 336.
1557 3566 1701 3611 iIbid.
1727 3581 1768 3611 2.
1791 3578 1896 3625 532,
