2288 4036
183 202 290 254 712
423 200 671 273 [Uiri-,flea
697 200 941 270 qusedam
970 202 1281 254 Lucretiam
1305 203 1426 271 styli
1454 203 1584 256 laus.
1640 224 1799 259 PRAEL.
1820 227 1986 262 XXXV.

184 349 339 405 ciam
365 349 465 424 qui
498 350 586 405 ita
615 347 778 415 colit,
805 355 1092 423 tanquam
1118 338 1472 407 venerabile
1490 349 1732 426 aliquod
1764 359 1986 412 tractet

182 465 251 503 ac
298 465 548 515 sacrum,
582 454 871 522 tanquam
919 447 1192 503 mirando
1239 447 1428 504 ferme
1473 424 1764 524 majorem
1805 471 1985 527 quam

183 545 547 602 inveniendo
591 543 814 601 habeat
846 539 1243 621 voluptatem,
1275 545 1361 602 illi
1395 546 1666 622 profecto
1698 549 1825 606 viro
1857 550 1988 607 dix-

185 643 334 722 erim
377 662 498 699 non
540 642 700 700 male
746 651 1077 718 praeparat-a
1108 643 1234 699 fore
1266 652 1530 719 pectora,
1562 644 1654 702 vel
1690 646 1763 702 ad
1797 649 1989 722 poeti-

184 760 316 798 cam
350 740 446 798 vel
479 740 550 798 ad
585 741 743 817 ipsas
775 740 1111 817 religiones.

270 838 386 896 His
421 847 512 896 tot
545 840 731 896 tantis
772 839 1008 896 indiciis
1046 841 1248 896 nescio
1281 860 1355 897 an
1389 849 1554 898 recte
1586 843 1780 899 dicam
1821 862 1991 900 acce-

182 938 325 994 dere
357 938 727 1013 exquisitum
774 937 947 994 illum
994 937 1132 1015 styli
1170 938 1515 997 Lucretiani
1558 941 1835 1009 nitorem,
1868 961 1988 1017 quo

183 1036 352 1094 velut
383 1056 533 1113 puro
565 1055 703 1094 aere
734 1036 1002 1112 pellucet
1034 1038 1338 1094 rationum
1371 1039 1661 1114 junctura
1692 1047 1754 1096 et
1787 1041 1986 1098 series.

185 1134 450 1192 Difficile
495 1153 736 1211 prorsus
782 1136 897 1192 erit
935 1136 1063 1211 ejus
1107 1136 1191 1193 rei
1240 1155 1463 1211 ponere
1505 1137 1800 1214 exempla,
1849 1157 1987 1196 cum

182 1235 245 1290 in
277 1253 350 1291 eo
382 1234 498 1291 sita
528 1234 606 1291 sit
639 1234 727 1291 vis
759 1234 907 1310 ejuS‚
939 1242 1009 1290 ut
1040 1254 1161 1291 non
1192 1242 1318 1291 tam
1361 1242 1532 1310 parte
1563 1235 1763 1311 aliqua
1793 1235 1990 1312 splen-

182 1333 340 1401 deat,
379 1351 561 1409 quam
608 1351 851 1390 omnem
891 1334 1059 1408 quasi
1105 1334 1414 1410 regionem
1460 1335 1681 1391 vestire
1715 1335 1992 1392 videatur

183 1451 486 1508 purpureo
511 1432 774 1507 quodam
808 1439 870 1488 et
903 1431 1179 1507 aequabili
1213 1431 1459 1489 lumine.
1526 1432 1683 1490 Rem
1713 1434 1990 1509 proxime

135 1528 138 1531 ’
185 1550 328 1588 sane
358 1530 567 1588 abesse
600 1530 823 1589 dixeris
854 1531 930 1588 ab
961 1531 1147 1606 ipsius
1180 1530 1441 1588 Naturae
1472 1532 1744 1612 artificiO,
1778 1532 1990 1607 siquod

184 1649 256 1687 ea
286 1628 464 1687 solito
503 1627 842 1705 elegantius
878 1628 1177 1686 efformari
1210 1627 1506 1686 voluerit:
1554 1629 1789 1697 folium,
1821 1630 1989 1687 verbi

183 1727 396 1803 gratia,
429 1726 795 1785 delicatioris
830 1727 1054 1795 herbae,
1089 1727 1185 1785 vel
1217 1735 1561 1785 accuratam
1593 1747 1809 1785 vocum
1856 1728 1993 1786 har-

183 1826 487 1883 moniam:
539 1825 739 1902 qualia
762 1827 864 1902 qui
899 1825 1248 1903 diligentius
1280 1826 1637 1894 consideret,
1668 1826 1841 1883 illum
1872 1827 1991 1884 uti-

186 1943 304 1999 que
336 1924 432 1981 vel
471 1924 632 1982 solus
670 1924 967 1982 absolutae
1009 1923 1474 2001 pulchritudinis
1515 1944 1722 1982 sensus
1766 1926 1992 2001 poterit

184 2023 490 2080 interdum
518 2030 692 2080 extra
723 2042 786 2080 se
816 2043 1043 2099 rapere.
1108 2022 1353 2092 Quanto
1378 2023 1743 2094 credibilius,
1767 2023 1993 2081 Lucre-

185 2122 342 2180 tium
382 2122 599 2198 ipsum,
632 2121 814 2199 longo
848 2123 978 2198 jam
1025 2140 1137 2179 usu
1183 2122 1487 2179 imbutum
1534 2121 1628 2179 his
1673 2122 1991 2192 coloribus,

185 2220 404 2276 intimo
448 2219 710 2295 quodam
763 2219 880 2276 frui
935 2219 1165 2277 altioris
1213 2218 1466 2277 Naturae
1511 2239 1706 2288 sensu,
1744 2212 1991 2296 ¹quoties

185 2318 431 2396 aliquod
462 2318 639 2376 solito
672 2317 906 2376 felicius
937 2318 1291 2377 adumbret!

282 2416 495 2494 Atque
537 2437 671 2476 eam
722 2417 973 2475 fortasse
1018 2418 1142 2475 vim
1190 2416 1453 2475 habebat
1505 2419 1882 2494 prooemium—
1922 2419 1992 2476 il-

186 2516 291 2574 lud
315 2512 336 2551 f
355 2536 367 2574 ε

430 2641 639 2686 Primum
660 2640 784 2701 quod
806 2640 984 2699 magnis
1007 2640 1149 2686 doceo
1171 2640 1227 2685 de
1246 2641 1400 2694 rebus,
1423 2648 1467 2685 et
1489 2642 1622 2686 arctis

432 2714 723 2772 Religionum
746 2714 922 2758 animos
945 2713 1079 2758 nodis
1102 2715 1332 2758 exsolvere
1353 2729 1521 2773 pergo:

432 2787 611 2833 Deinde
633 2787 758 2847 quod
780 2787 977 2832 obscura
998 2787 1054 2832 de
1075 2802 1123 2832 re
1143 2795 1238 2832 tam
1257 2787 1410 2832 lucida
1430 2802 1581 2847 pango

434 2862 663 2915 Carmina,
688 2862 869 2906 Musaeo
891 2862 1161 2920 contingens
1185 2869 1349 2906 cuncta
1368 2863 1534 2920 lepore.

190 2986 308 3046 His
339 2988 584 3066 adjungi
615 2996 903 3065 poterunt
935 3009 1140 3047 versus
1170 3009 1293 3047 non
1324 2988 1512 3047 semel
1543 2987 1710 3046 allati
1733 2998 1759 3036 g
1782 3006 1796 3045 τ

434 3119 686 3164 Suavidicis
708 3120 861 3177 potius
884 3136 1021 3179 quam
1042 3120 1199 3165 multis
1221 3120 1429 3164 versibus
1451 3119 1609 3164 edam:

434 3193 607 3238 Parvus
629 3200 682 3237 ut
703 3201 772 3238 est
795 3193 941 3252 Cycni
961 3194 1121 3238 melior
1141 3207 1294 3245 canor,
1315 3193 1391 3236 ine
1414 3191 1595 3236 Gruum
1617 3207 1755 3251 quam

435 3266 634 3319 Clamor,
656 3267 704 3310 in
725 3266 921 3311 aetheriis
944 3266 1175 3325 dispersus
1196 3265 1400 3310 nubibus
1421 3265 1595 3310 Austri.

193 3396 419 3473 Ecquis
448 3397 582 3456 haec
613 3405 789 3474 putet
830 3399 1089 3457 inaniter
1117 3400 1299 3456 modo
1340 3398 1579 3475 gloriari
1613 3397 1989 3468 Lucretium,

401 3678 404 3680 q
434 3609 451 3641 f
481 3609 616 3654 Lucr.
645 3623 682 3653 1.
708 3623 813 3667 930.
1363 3617 1380 3643 Β
1403 3626 1444 3664 4.
1475 3610 1573 3654 181.
1598 3621 1702 3669 907.
