2288 4036
92 137 402 172 PRAEL.xx1v.
427 116 692 168 Pindarus
715 117 932 166 Homero
951 123 995 167 et
1011 115 1254 183 AEschylo
1273 116 1705 168 annumerandus.
1733 119 1839 174 479

91 270 359 335 terquam
395 260 690 333 temporis,
721 257 804 313 illi
844 258 1055 314 saeculo
1087 257 1302 333 apponi
1335 256 1580 313 debeat:
1627 259 1843 332 quippe

93 358 325 414 deditus
369 354 756 430 philosophiae
804 354 1038 410 cuidam
1086 372 1219 420 suae,
1265 352 1361 409 vel
1410 353 1607 427 potius
1653 354 1843 409 dicam

94 453 342 529 pietati:
402 458 463 507 et
513 452 574 506 in
625 469 717 506 res
774 457 970 525 gestas
1028 468 1232 524 regum
1286 450 1622 523 ducumque
1673 457 1733 505 et
1785 450 1846 505 in

95 548 284 604 tristia
340 546 497 603 bella
552 546 844 602 duntaxat
908 546 982 601 ad
1040 546 1100 600 id
1160 546 1445 611 intentus,
1503 552 1572 600 ut
1630 545 1846 602 habeat

95 644 252 699 unde
294 648 621 698 monstrare
662 642 845 715 possit
877 639 1152 696 Fortunae
1188 640 1350 697 lusus
1387 647 1448 696 et
1484 640 1679 696 inania
1710 651 1850 697 vota

95 738 418 794 hominum.
506 736 871 792 Crediderim
918 742 1120 792 autem
1163 755 1300 792 eum
1341 734 1553 792 fabulis
1599 735 1850 793 heroicis

96 852 222 891 sese
262 833 554 890 addixisse
586 833 661 890 ob
692 852 821 889 eam
866 832 1127 888 maxime
1158 851 1411 898 causam,
1445 832 1602 906 quod
1647 851 1846 888 earum

97 949 207 1005 ope
254 930 530 1005 conjungi
575 929 928 985 videbantur
973 946 1064 984 res
1109 928 1325 984 divinae
1374 946 1510 983 cum
1557 926 1849 994 humaniS,

97 1026 170 1081 de
214 1024 354 1081 caelo
398 1025 459 1080 in
503 1032 686 1081 terras
732 1024 958 1080 facilior
1001 1024 1196 1080 aditus
1239 1022 1504 1097 patebat.
1595 1021 1851 1079 Accedit

97 1122 254 1196 quod
296 1122 534 1176 omnino
580 1120 759 1194 quaeri
808 1119 1122 1176 debuerint
1161 1138 1253 1175 res
1293 1117 1469 1193 paulo
1509 1119 1854 1174 remotiores

97 1217 171 1273 ab
215 1218 339 1291 ipsa
381 1216 688 1273 scribentis
731 1222 946 1273 aetate:
992 1214 1139 1270 nihil
1184 1222 1387 1271 autem
1431 1215 1578 1270 adeo
1623 1221 1750 1271 erat
1792 1216 1854 1270 in

97 1322 390 1388 promth‚
422 1332 599 1387 quam
644 1311 885 1368 annales
921 1318 983 1367 et
1022 1317 1410 1367 monumenta
1451 1310 1717 1377 heroum,
1747 1311 1856 1366 im-

98 1409 287 1465 mistis
318 1410 497 1465 etiam
528 1407 925 1484 religionibus.
1011 1406 1105 1462 De
1138 1406 1597 1463 Homericorum
1628 1407 1855 1464 ratione

100 1506 240 1562 satis
280 1523 569 1579 superque
601 1504 1030 1579 disputavimus
1061 1523 1168 1560 suo
1196 1502 1366 1560 loco:
1411 1503 1599 1559 teneri
1640 1522 1855 1578 nempe

101 1620 396 1658 summum
423 1600 671 1657 Poetam
702 1599 857 1673 πόθῳ
883 1600 1138 1674 quodam
1168 1600 1449 1674 temporis
1478 1618 1680 1655 recens
1710 1601 1853 1668 acti3

101 1696 300 1770 itaque
331 1696 441 1753 sibi
471 1697 798 1753 remedium
838 1715 944 1771 per
974 1696 1282 1771 splendida
1309 1695 1413 1752 illa
1441 1696 1668 1752 somnia
1696 1715 1858 1770 quae-

103 1791 320 1850 sivisse.

200 1889 338 1945 Jam
386 1907 524 1944 vero
578 1888 815 1945 Pindari
869 1890 1054 1946 nostri
1108 1907 1302 1955 causa,
1357 1895 1646 1962 quantum
1698 1888 1860 1963 equi-

105 1985 240 2041 dem
299 1986 636 2061 conjectura
691 2005 963 2062 auguror,
1015 1985 1281 2060 paullum
1338 1985 1413 2042 ab
1470 1977 1729 2060 utroque*
1775 1985 1862 2041 di-

106 2099 271 2139 versa
314 2083 442 2139 erit.
532 2082 675 2139 Non
707 2084 865 2139 enim
905 2082 991 2138 illi
1023 2083 1166 2149 vir0‚
1195 2089 1265 2138 ut
1295 2081 1591 2157 AEschylo,
1623 2082 1860 2138 sordent

107 2178 303 2234 omnia
343 2197 470 2253 quae
514 2180 779 2236 sensibus
823 2179 984 2235 cerni
1027 2185 1287 2254 possunt,
1331 2198 1455 2253 prae
1492 2179 1863 2254 cogitationi-

106 2274 216 2330 bus
260 2274 484 2330 arcanis
528 2281 590 2331 et
632 2276 1048 2331 sacrosanctis:
1097 2294 1290 2349 neque
1333 2275 1400 2342 is,
1438 2282 1507 2331 ut
1544 2274 1860 2342 Homerus,

108 2370 242 2426 vitae
277 2370 512 2427 functos
551 2372 837 2427 amatoria
866 2371 1119 2445 quadam
1149 2370 1435 2427 moestitia
1473 2370 1860 2445 prosequitur.

109 2465 341 2524 Verum
369 2467 455 2523 ita
483 2467 668 2523 ferme
699 2468 918 2534 sentio3
959 2465 1347 2540 contemplari
1374 2465 1696 2522 Pindarum
1726 2485 1862 2522 cum

106 2562 360 2637 simplici
390 2562 696 2638 voluptate
725 2562 1000 2636 reliquias
1031 2568 1093 2619 et
1119 2568 1508 2618 monumenta
1536 2561 1693 2618 illius
1723 2563 1863 2628 aevi3

111 2656 242 2731 capi
285 2675 422 2712 eum
472 2658 770 2713 memoriae
823 2656 1244 2732 splendoribUS,
1290 2663 1527 2732 stupere
1569 2657 1632 2713 in
1675 2657 1865 2712 titulis

106 2760 175 2809 >et
209 2753 581 2828 imaginibus,
613 2752 894 2810 delectari
926 2753 1091 2809 velut
1131 2772 1307 2810 scena
1337 2760 1398 2809 et
1427 2753 1652 2809 umbris
1686 2772 1866 2809 anno-

113 2866 244 2903 rum
282 2848 733 2923 praeteritorum.
829 2848 930 2905 Ne
972 2849 1195 2906 multa:
1256 2850 1499 2924 perinde
1539 2868 1600 2905 se
1642 2849 1866 2906 habent

115 2942 426 3000 Pindarica
468 2944 541 3000 ad
583 2951 819 3000 aetatem
862 2944 1026 3001 illam
1066 2963 1242 3019 quam
1288 2945 1503 3002 cecinit
1550 2945 1866 3013 Homerus,

114 3045 294 3114 atque
323 3040 398 3096 ad
429 3038 621 3096 Medii
655 3038 835 3115 (quod
867 3040 1191 3115 appellant)
1223 3039 1364 3097 AEvi
1406 3041 1689 3098 miracula
1719 3041 1869 3098 Poe-

117 3136 192 3191 sis
242 3135 344 3193 illa
390 3156 518 3211 quae
568 3137 758 3212 viguit
807 3136 899 3192 his
950 3137 1306 3213 regionibus,
1358 3139 1535 3194 tertio
1583 3144 1867 3212 quartove

118 3231 330 3288 abhinc
366 3231 598 3289 saeculo.
687 3233 1020 3309 Permagna
1049 3233 1325 3290 videlicet
1356 3253 1426 3290 eo
1456 3241 1724 3307 tempore
1754 3235 1868 3290 fuit

119 3328 332 3402 opinio,
362 3347 480 3385 non
511 3328 670 3405 vulgi
711 3329 900 3386 solum
942 3330 1045 3386 sed
1086 3337 1147 3387 et
1185 3330 1511 3387 multorum
1549 3331 1622 3386 de
1657 3331 1870 3405 prima-
