<?xml version="1.0" encoding="UTF-8"?>
<!DOCTYPE html PUBLIC "-//W3C//DTD XHTML 1.0 Transitional//EN"
    "http://www.w3.org/TR/xhtml1/DTD/xhtml1-transitional.dtd">
<html xmlns="http://www.w3.org/1999/xhtml" xml:lang="en" lang="en">
 <head>
  <title>
</title>
<meta http-equiv="Content-Type" content="text/html;charset=utf-8" />
  <meta name='ocr-system' content='tesseract 3.04.00' />
  <meta name='ocr-capabilities' content='ocr_page ocr_carea ocr_par ocr_line ocrx_word'/>
</head>
<body>
  <div class='ocr_page' id='page_1' title='image "./a588873902kebluoft_0070.png"; bbox 0 0 2288 4036; ppageno 0'>
   <div class='ocr_carea' id='block_1_1' title="bbox 416 158 2210 225">
    <p class='ocr_par' dir='ltr' id='par_1_1' title="bbox 416 158 2210 225">
     <span class='ocr_line' id='line_1_1' title="bbox 416 158 2210 225; baseline 0.004 -14"><span class='ocrx_word' id='word_1_1' title='bbox 416 159 526 211; x_wconf 73' lang='lat'>448</span> <span class='ocrx_word' id='word_1_2' title='bbox 706 160 987 225; x_wconf 71' lang='lat' dir='ltr'>Quemnam</span> <span class='ocrx_word' id='word_1_3' title='bbox 1012 158 1192 212; x_wconf 71' lang='lat' dir='ltr'>habeat</span> <span class='ocrx_word' id='word_1_4' title='bbox 1217 160 1282 212; x_wconf 91' lang='lat' dir='ltr'>Io</span> <span class='ocrx_word' id='word_1_5' title='bbox 1307 161 1498 216; x_wconf 74' lang='lat' dir='ltr'>erroris</span> <span class='ocrx_word' id='word_1_6' title='bbox 1522 163 1814 216; x_wconf 75' lang='lat' dir='ltr'>terminum.</span> <span class='ocrx_word' id='word_1_7' title='bbox 1875 181 2035 218; x_wconf 79' lang='lat' dir='ltr'><strong>PRAEL.</strong></span> <span class='ocrx_word' id='word_1_8' title='bbox 2057 184 2210 218; x_wconf 85' lang='lat' dir='ltr'><strong>xxm.</strong></span> 
     </span>
    </p>
   </div>
   <div class='ocr_carea' id='block_1_2' title="bbox 415 305 2198 909">
    <p class='ocr_par' dir='ltr' id='par_1_2' title="bbox 415 305 2198 909">
     <span class='ocr_line' id='line_1_2' title="bbox 415 305 2198 389; baseline 0.005 -26"><span class='ocrx_word' id='word_1_9' title='bbox 415 305 789 383; x_wconf 76' lang='lat' dir='ltr'>obstupescit</span> <span class='ocrx_word' id='word_1_10' title='bbox 820 307 927 364; x_wconf 89' lang='lat' dir='ltr'>illa</span> <span class='ocrx_word' id='word_1_11' title='bbox 956 306 1220 383; x_wconf 90' lang='lat' dir='ltr'>quidem,</span> <span class='ocrx_word' id='word_1_12' title='bbox 1253 309 1355 366; x_wconf 91' lang='lat' dir='ltr'>sed</span> <span class='ocrx_word' id='word_1_13' title='bbox 1389 309 1492 367; x_wconf 89' lang='lat' dir='ltr'>vix</span> <span class='ocrx_word' id='word_1_14' title='bbox 1525 311 1669 369; x_wconf 88' lang='lat' dir='ltr'>satis</span> <span class='ocrx_word' id='word_1_15' title='bbox 1697 310 1832 369; x_wconf 91' lang='lat' dir='ltr'>fidit</span> <span class='ocrx_word' id='word_1_16' title='bbox 1862 311 2198 389; x_wconf 69' lang='lat' dir='ltr'>loquentiu:</span> 
     </span>
     <span class='ocr_line' id='line_1_3' title="bbox 778 407 1262 468; baseline 0 -14"><span class='ocrx_word' id='word_1_17' title='bbox 778 409 844 456; x_wconf 90' lang='grc' dir='ltr'>τίς</span> <span class='ocrx_word' id='word_1_18' title='bbox 865 408 950 468; x_wconf 76' lang='grc' dir='ltr'>ἄρα</span> <span class='ocrx_word' id='word_1_19' title='bbox 969 407 1030 466; x_wconf 86' lang='grc' dir='ltr'>μ’,</span> <span class='ocrx_word' id='word_1_20' title='bbox 1054 408 1088 452; x_wconf 81' lang='grc' dir='ltr'><em>ὦ</em></span> <span class='ocrx_word' id='word_1_21' title='bbox 1110 408 1262 464; x_wconf 80' lang='grc' dir='ltr'>τάλας,</span> 
     </span>
     <span class='ocr_line' id='line_1_4' title="bbox 775 482 1252 541; baseline 0.002 -15"><span class='ocrx_word' id='word_1_22' title='bbox 775 483 855 527; x_wconf 86' lang='grc' dir='ltr'>τὰν</span> <span class='ocrx_word' id='word_1_23' title='bbox 874 482 1157 541; x_wconf 87' lang='grc' dir='ltr'>ταλαίπωρον</span> <span class='ocrx_word' id='word_1_24' title='bbox 1177 482 1252 527; x_wconf 76' lang='grc' dir='ltr'>ὧδ’</span> 
     </span>
     <span class='ocr_line' id='line_1_5' title="bbox 773 555 1231 614; baseline 0.007 -15"><span class='ocrx_word' id='word_1_25' title='bbox 773 556 910 614; x_wconf 81' lang='grc' dir='ltr'>ἕτυμα</span> <span class='ocrx_word' id='word_1_26' title='bbox 929 555 1203 614; x_wconf 84' lang='grc' dir='ltr'>προσθροεῖς</span> <span class='ocrx_word' id='word_1_27' title='bbox 1214 574 1231 609; x_wconf 78' lang='lat'>3</span> 
     </span>
     <span class='ocr_line' id='line_1_6' title="bbox 776 629 1520 690; baseline 0.004 -17"><span class='ocrx_word' id='word_1_28' title='bbox 776 663 786 673; x_wconf 85' lang='lat'>.</span> <span class='ocrx_word' id='word_1_29' title='bbox 805 664 815 674; x_wconf 87' lang='lat'><strong>.</strong></span> <span class='ocrx_word' id='word_1_30' title='bbox 838 663 847 673; x_wconf 89' lang='lat'>.</span> <span class='ocrx_word' id='word_1_31' title='bbox 866 663 876 674; x_wconf 89' lang='lat'>.</span> <span class='ocrx_word' id='word_1_32' title='bbox 893 629 1013 673; x_wconf 85' lang='grc' dir='ltr'>ἀλλά</span> <span class='ocrx_word' id='word_1_33' title='bbox 1033 647 1108 687; x_wconf 91' lang='grc' dir='ltr'>μοι</span> <span class='ocrx_word' id='word_1_34' title='bbox 1129 634 1271 688; x_wconf 84' lang='grc' dir='ltr'>τορῶς</span> <span class='ocrx_word' id='word_1_35' title='bbox 1291 629 1520 690; x_wconf 78' lang='grc' dir='ltr'>τέκμηρον,</span> 
     </span>
     <span class='ocr_line' id='line_1_7' title="bbox 774 701 1187 760; baseline 0 -14"><span class='ocrx_word' id='word_1_36' title='bbox 774 702 801 746; x_wconf 79' lang='grc' dir='ltr'>ὅ</span> <span class='ocrx_word' id='word_1_37' title='bbox 821 721 862 747; x_wconf 91' lang='grc' dir='ltr'>τι</span> <span class='ocrx_word' id='word_1_38' title='bbox 883 702 927 760; x_wconf 81' lang='grc' dir='ltr'>μ’</span> <span class='ocrx_word' id='word_1_39' title='bbox 951 701 1187 760; x_wconf 80' lang='grc' dir='ltr'>ἐπαμμένει</span> 
     </span>
     <span class='ocr_line' id='line_1_8' title="bbox 773 774 1549 835; baseline 0.004 -16"><span class='ocrx_word' id='word_1_40' title='bbox 773 775 945 828; x_wconf 81' lang='grc' dir='ltr'>παθεῖν,</span> <span class='ocrx_word' id='word_1_41' title='bbox 968 776 1012 820; x_wconf 88' lang='grc' dir='ltr'>τί</span> <span class='ocrx_word' id='word_1_42' title='bbox 1032 775 1091 833; x_wconf 91' lang='grc' dir='ltr'>μὴ</span> <span class='ocrx_word' id='word_1_43' title='bbox 1112 774 1215 835; x_wconf 83' lang='grc' dir='ltr'>χρή·</span> <span class='ocrx_word' id='word_1_44' title='bbox 1250 775 1295 820; x_wconf 87' lang='grc' dir='ltr'>τί</span> <span class='ocrx_word' id='word_1_45' title='bbox 1313 777 1549 835; x_wconf 87' lang='grc' dir='ltr'>φάρμακον</span> 
     </span>
     <span class='ocr_line' id='line_1_9' title="bbox 775 847 1493 909; baseline 0 -15"><span class='ocrx_word' id='word_1_46' title='bbox 775 851 929 902; x_wconf 88' lang='grc' dir='ltr'>νόσου,</span> <span class='ocrx_word' id='word_1_47' title='bbox 953 849 1114 908; x_wconf 77' lang='grc' dir='ltr'>δεῖξον,</span> <span class='ocrx_word' id='word_1_48' title='bbox 1137 847 1259 909; x_wconf 83' lang='grc' dir='ltr'>εἵπερ</span> <span class='ocrx_word' id='word_1_49' title='bbox 1282 847 1493 896; x_wconf 75' lang='grc' dir='ltr'>οἶσθα·-</span> 
     </span>
    </p>
   </div>
   <div class='ocr_carea' id='block_1_3' title="bbox 414 933 2219 1464">
    <p class='ocr_par' dir='ltr' id='par_1_3' title="bbox 414 933 2219 1287">
     <span class='ocr_line' id='line_1_10' title="bbox 414 933 2215 1014; baseline 0.004 -25"><span class='ocrx_word' id='word_1_50' title='bbox 414 952 560 990; x_wconf 87' lang='lat' dir='ltr'>mox</span> <span class='ocrx_word' id='word_1_51' title='bbox 604 940 829 1002; x_wconf 88' lang='lat' dir='ltr'>autem,</span> <span class='ocrx_word' id='word_1_52' title='bbox 877 934 1004 991; x_wconf 94' lang='lat' dir='ltr'>solo</span> <span class='ocrx_word' id='word_1_53' title='bbox 1045 933 1400 992; x_wconf 79' lang='lat' dir='ltr'>nominante</span> <span class='ocrx_word' id='word_1_54' title='bbox 1445 953 1508 992; x_wconf 89' lang='lat' dir='ltr'>se</span> <span class='ocrx_word' id='word_1_55' title='bbox 1552 934 1942 1005; x_wconf 85' lang='lat' dir='ltr'>PrometheO,</span> <span class='ocrx_word' id='word_1_56' title='bbox 1974 937 2215 1014; x_wconf 84' lang='lat' dir='ltr'>plenam</span> 
     </span>
     <span class='ocr_line' id='line_1_11' title="bbox 415 1031 2219 1114; baseline 0.004 -26"><span class='ocrx_word' id='word_1_57' title='bbox 415 1031 478 1088; x_wconf 91' lang='lat' dir='ltr'>in</span> <span class='ocrx_word' id='word_1_58' title='bbox 523 1051 595 1089; x_wconf 93' lang='lat' dir='ltr'>eo</span> <span class='ocrx_word' id='word_1_59' title='bbox 636 1031 923 1101; x_wconf 86' lang='lat' dir='ltr'>fiduciam</span> <span class='ocrx_word' id='word_1_60' title='bbox 966 1031 1131 1090; x_wconf 92' lang='lat' dir='ltr'>illico</span> <span class='ocrx_word' id='word_1_61' title='bbox 1175 1033 1435 1109; x_wconf 88' lang='lat' dir='ltr'>reponit.</span> <span class='ocrx_word' id='word_1_62' title='bbox 1527 1032 1948 1094; x_wconf 83' lang='lat' dir='ltr'>Misericordia</span> <span class='ocrx_word' id='word_1_63' title='bbox 1978 1055 2219 1114; x_wconf 89' lang='lat' dir='ltr'>quoque</span> 
     </span>
     <span class='ocr_line' id='line_1_12' title="bbox 415 1129 2216 1211; baseline 0.003 -25"><span class='ocrx_word' id='word_1_64' title='bbox 415 1136 597 1198; x_wconf 86' lang='lat' dir='ltr'>tacta,</span> <span class='ocrx_word' id='word_1_65' title='bbox 636 1129 712 1187; x_wconf 91' lang='lat' dir='ltr'>de</span> <span class='ocrx_word' id='word_1_66' title='bbox 759 1130 887 1206; x_wconf 91' lang='lat' dir='ltr'>ejus</span> <span class='ocrx_word' id='word_1_67' title='bbox 931 1130 1219 1188; x_wconf 79' lang='lat' dir='ltr'>aerumnis</span> <span class='ocrx_word' id='word_1_68' title='bbox 1250 1129 1350 1189; x_wconf 89' lang='lat' dir='ltr'>vel</span> <span class='ocrx_word' id='word_1_69' title='bbox 1394 1130 1559 1208; x_wconf 90' lang='lat' dir='ltr'>prius</span> <span class='ocrx_word' id='word_1_70' title='bbox 1605 1132 1807 1191; x_wconf 92' lang='lat' dir='ltr'>doceri</span> <span class='ocrx_word' id='word_1_71' title='bbox 1852 1132 2004 1203; x_wconf 86' lang='lat' dir='ltr'>vult,</span> <span class='ocrx_word' id='word_1_72' title='bbox 2035 1154 2216 1211; x_wconf 90' lang='lat' dir='ltr'>quam</span> 
     </span>
     <span class='ocr_line' id='line_1_13' title="bbox 414 1228 1202 1287; baseline 0 -1"><span class='ocrx_word' id='word_1_73' title='bbox 414 1229 491 1286; x_wconf 93' lang='lat' dir='ltr'>de</span> <span class='ocrx_word' id='word_1_74' title='bbox 521 1229 614 1286; x_wconf 92' lang='lat' dir='ltr'>sui</span> <span class='ocrx_word' id='word_1_75' title='bbox 645 1228 845 1286; x_wconf 85' lang='lat' dir='ltr'>exsilii</span> <span class='ocrx_word' id='word_1_76' title='bbox 875 1229 1202 1287; x_wconf 76' lang='lat' dir='ltr'>termino⁰z</span> 
     </span>
    </p>

    <p class='ocr_par' dir='ltr' id='par_1_4' title="bbox 777 1329 1656 1391">
     <span class='ocr_line' id='line_1_14' title="bbox 777 1329 1656 1391; baseline 0.005 -18"><span class='ocrx_word' id='word_1_77' title='bbox 777 1329 811 1374; x_wconf 79' lang='grc' dir='ltr'><em>ὦ</em></span> <span class='ocrx_word' id='word_1_78' title='bbox 834 1330 978 1375; x_wconf 91' lang='grc' dir='ltr'>κοινὸν</span> <span class='ocrx_word' id='word_1_79' title='bbox 998 1329 1219 1389; x_wconf 86' lang='grc' dir='ltr'>ὠφέλημα</span> <span class='ocrx_word' id='word_1_80' title='bbox 1237 1330 1466 1388; x_wconf 84' lang='grc' dir='ltr'>θνητοῖσιν</span> <span class='ocrx_word' id='word_1_81' title='bbox 1486 1332 1656 1391; x_wconf 84' lang='grc' dir='ltr'>φανεὶς,</span> 
     </span>
    </p>

    <p class='ocr_par' dir='ltr' id='par_1_5' title="bbox 777 1402 1825 1464">
     <span class='ocr_line' id='line_1_15' title="bbox 777 1402 1825 1464; baseline 0.002 -16"><span class='ocrx_word' id='word_1_82' title='bbox 777 1405 945 1461; x_wconf 85' lang='grc' dir='ltr'>τλῆμον</span> <span class='ocrx_word' id='word_1_83' title='bbox 965 1404 1219 1463; x_wconf 86' lang='grc' dir='ltr'>Προμηθεῦ,</span> <span class='ocrx_word' id='word_1_84' title='bbox 1242 1408 1320 1450; x_wconf 87' lang='grc' dir='ltr'>τοῦ</span> <span class='ocrx_word' id='word_1_85' title='bbox 1342 1402 1464 1462; x_wconf 82' lang='grc' dir='ltr'>δίκην</span> <span class='ocrx_word' id='word_1_86' title='bbox 1482 1405 1675 1464; x_wconf 84' lang='grc' dir='ltr'>πάσχεις</span> <span class='ocrx_word' id='word_1_87' title='bbox 1694 1405 1799 1450; x_wconf 85' lang='grc' dir='ltr'>τάδε</span> <span class='ocrx_word' id='word_1_88' title='bbox 1810 1423 1825 1459; x_wconf 84' lang='lat'>3</span> 
     </span>
    </p>
   </div>
   <div class='ocr_carea' id='block_1_4' title="bbox 414 1487 2225 3249">
    <p class='ocr_par' dir='ltr' id='par_1_6' title="bbox 416 1487 2006 1569">
     <span class='ocr_line' id='line_1_16' title="bbox 416 1487 2006 1569; baseline 0.001 -24"><span class='ocrx_word' id='word_1_89' title='bbox 416 1487 599 1558; x_wconf 82' lang='lat' dir='ltr'>Quod</span> <span class='ocrx_word' id='word_1_90' title='bbox 630 1494 957 1564; x_wconf 89' lang='lat' dir='ltr'>utrumque</span> <span class='ocrx_word' id='word_1_91' title='bbox 989 1488 1208 1547; x_wconf 89' lang='lat' dir='ltr'>videtis</span> <span class='ocrx_word' id='word_1_92' title='bbox 1237 1488 1522 1566; x_wconf 87' lang='lat' dir='ltr'>puellaris</span> <span class='ocrx_word' id='word_1_93' title='bbox 1554 1508 1683 1548; x_wconf 91' lang='lat' dir='ltr'>esse</span> <span class='ocrx_word' id='word_1_94' title='bbox 1715 1489 2006 1569; x_wconf 77' lang='grc' dir='ltr'>ἆφέλειας.</span> 
     </span>
    </p>

    <p class='ocr_par' dir='ltr' id='par_1_7' title="bbox 414 1585 2225 3249">
     <span class='ocr_line' id='line_1_17' title="bbox 502 1585 2221 1664; baseline 0.001 -21"><span class='ocrx_word' id='word_1_95' title='bbox 502 1585 662 1644; x_wconf 92' lang='lat' dir='ltr'>Haec</span> <span class='ocrx_word' id='word_1_96' title='bbox 714 1585 916 1655; x_wconf 90' lang='lat' dir='ltr'>habui,</span> <span class='ocrx_word' id='word_1_97' title='bbox 965 1605 1072 1644; x_wconf 92' lang='lat' dir='ltr'>cur</span> <span class='ocrx_word' id='word_1_98' title='bbox 1117 1585 1380 1645; x_wconf 76' lang='lat' dir='ltr'>Inachiae</span> <span class='ocrx_word' id='word_1_99' title='bbox 1431 1586 1652 1664; x_wconf 86' lang='lat' dir='ltr'>puellae</span> <span class='ocrx_word' id='word_1_100' title='bbox 1704 1587 1982 1646; x_wconf 82' lang='lat' dir='ltr'>consulto</span> <span class='ocrx_word' id='word_1_101' title='bbox 2033 1586 2221 1646; x_wconf 91' lang='lat' dir='ltr'>tribui</span> 
     </span>
     <span class='ocr_line' id='line_1_18' title="bbox 414 1685 2222 1764; baseline 0 -20"><span class='ocrx_word' id='word_1_102' title='bbox 414 1686 778 1763; x_wconf 84' lang='lat' dir='ltr'>conjicerem</span> <span class='ocrx_word' id='word_1_103' title='bbox 809 1703 910 1743; x_wconf 90' lang='lat' dir='ltr'>eas</span> <span class='ocrx_word' id='word_1_104' title='bbox 940 1692 1159 1762; x_wconf 89' lang='lat' dir='ltr'>partes,</span> <span class='ocrx_word' id='word_1_105' title='bbox 1191 1705 1324 1762; x_wconf 87' lang='lat' dir='ltr'>quae</span> <span class='ocrx_word' id='word_1_106' title='bbox 1354 1687 1623 1744; x_wconf 87' lang='lat' dir='ltr'>maxime</span> <span class='ocrx_word' id='word_1_107' title='bbox 1654 1685 1958 1744; x_wconf 88' lang='lat' dir='ltr'>declarare</span> <span class='ocrx_word' id='word_1_108' title='bbox 1989 1687 2222 1764; x_wconf 89' lang='lat' dir='ltr'>possint</span> 
     </span>
     <span class='ocr_line' id='line_1_19' title="bbox 414 1783 2221 1863; baseline 0 -20"><span class='ocrx_word' id='word_1_109' title='bbox 414 1784 842 1863; x_wconf 78' lang='lat' dir='ltr'>aegritudinem</span> <span class='ocrx_word' id='word_1_110' title='bbox 890 1783 1152 1854; x_wconf 90' lang='lat' dir='ltr'>illorum,</span> <span class='ocrx_word' id='word_1_111' title='bbox 1202 1785 1305 1861; x_wconf 91' lang='lat' dir='ltr'>qui</span> <span class='ocrx_word' id='word_1_112' title='bbox 1349 1785 1476 1843; x_wconf 92' lang='lat' dir='ltr'>sive</span> <span class='ocrx_word' id='word_1_113' title='bbox 1524 1785 1784 1862; x_wconf 90' lang='lat' dir='ltr'>juvenes</span> <span class='ocrx_word' id='word_1_114' title='bbox 1837 1786 1964 1844; x_wconf 85' lang='lat' dir='ltr'>sive</span> <span class='ocrx_word' id='word_1_115' title='bbox 2017 1785 2221 1844; x_wconf 85' lang='lat' dir='ltr'>animo</span> 
     </span>
     <span class='ocr_line' id='line_1_20' title="bbox 414 1883 2222 1962; baseline 0.001 -21"><span class='ocrx_word' id='word_1_116' title='bbox 414 1903 655 1960; x_wconf 89' lang='lat' dir='ltr'>prorsus</span> <span class='ocrx_word' id='word_1_117' title='bbox 696 1883 955 1961; x_wconf 89' lang='lat' dir='ltr'>juvenili</span> <span class='ocrx_word' id='word_1_118' title='bbox 1002 1903 1107 1961; x_wconf 91' lang='lat' dir='ltr'>spe</span> <span class='ocrx_word' id='word_1_119' title='bbox 1156 1885 1415 1960; x_wconf 88' lang='lat' dir='ltr'>quadam</span> <span class='ocrx_word' id='word_1_120' title='bbox 1469 1883 1801 1962; x_wconf 87' lang='lat' dir='ltr'>longinqua</span> <span class='ocrx_word' id='word_1_121' title='bbox 1845 1903 1915 1943; x_wconf 92' lang='lat' dir='ltr'>ac</span> <span class='ocrx_word' id='word_1_122' title='bbox 1962 1904 2114 1962; x_wconf 88' lang='lat' dir='ltr'>vaga</span> <span class='ocrx_word' id='word_1_123' title='bbox 2157 1903 2222 1943; x_wconf 91' lang='lat' dir='ltr'>se</span> 
     </span>
     <span class='ocr_line' id='line_1_21' title="bbox 415 1970 2222 2061; baseline 0 -20"><span class='ocrx_word' id='word_1_124' title='bbox 415 1983 607 2061; x_wconf 90' lang='lat' dir='ltr'>abripi</span> <span class='ocrx_word' id='word_1_125' title='bbox 660 1983 885 2042; x_wconf 90' lang='lat' dir='ltr'>sinunt.</span> <span class='ocrx_word' id='word_1_126' title='bbox 976 1982 1075 2041; x_wconf 86' lang='lat' dir='ltr'>Ex</span> <span class='ocrx_word' id='word_1_127' title='bbox 1121 2003 1241 2059; x_wconf 91' lang='lat' dir='ltr'>quo</span> <span class='ocrx_word' id='word_1_128' title='bbox 1287 1983 1564 2053; x_wconf 89' lang='lat' dir='ltr'>efficitur,</span> <span class='ocrx_word' id='word_1_129' title='bbox 1605 2003 1714 2061; x_wconf 90' lang='lat' dir='ltr'>per</span> <span class='ocrx_word' id='word_1_130' title='bbox 1760 1983 2033 2042; x_wconf 88' lang='lat' dir='ltr'>fortunas</span> <span class='ocrx_word' id='word_1_131' title='bbox 2073 1970 2222 2061; x_wconf 79' lang='lat' dir='ltr'>quo-</span> 
     </span>
     <span class='ocr_line' id='line_1_22' title="bbox 416 2080 2220 2165; baseline -0.001 -26"><span class='ocrx_word' id='word_1_132' title='bbox 416 2101 534 2158; x_wconf 93' lang='lat' dir='ltr'>que</span> <span class='ocrx_word' id='word_1_133' title='bbox 571 2082 700 2159; x_wconf 89' lang='lat' dir='ltr'>ejus</span> <span class='ocrx_word' id='word_1_134' title='bbox 740 2081 1152 2159; x_wconf 74' lang='lat' dir='ltr'>repraesentari</span> <span class='ocrx_word' id='word_1_135' title='bbox 1185 2081 1446 2165; x_wconf 80' lang='lat' dir='ltr'>fortasse</span> <span class='ocrx_word' id='word_1_136' title='bbox 1479 2080 1852 2158; x_wconf 83' lang='lat' dir='ltr'>Superorum</span> <span class='ocrx_word' id='word_1_137' title='bbox 1883 2081 2220 2150; x_wconf 90' lang='lat' dir='ltr'>consilium,</span> 
     </span>
     <span class='ocr_line' id='line_1_23' title="bbox 417 2179 2224 2258; baseline 0.001 -20"><span class='ocrx_word' id='word_1_138' title='bbox 417 2200 537 2257; x_wconf 92' lang='lat' dir='ltr'>quo</span> <span class='ocrx_word' id='word_1_139' title='bbox 568 2181 775 2240; x_wconf 85' lang='lat' dir='ltr'>nimiae</span> <span class='ocrx_word' id='word_1_140' title='bbox 806 2181 1119 2258; x_wconf 88' lang='lat' dir='ltr'>cupidines</span> <span class='ocrx_word' id='word_1_141' title='bbox 1156 2179 1354 2238; x_wconf 90' lang='lat' dir='ltr'>solent</span> <span class='ocrx_word' id='word_1_142' title='bbox 1383 2187 1696 2258; x_wconf 90' lang='lat' dir='ltr'>utcunque</span> <span class='ocrx_word' id='word_1_143' title='bbox 1726 2181 1999 2239; x_wconf 85' lang='lat' dir='ltr'>resecari.</span> <span class='ocrx_word' id='word_1_144' title='bbox 2089 2180 2224 2239; x_wconf 86' lang='lat' dir='ltr'>Tae-</span> 
     </span>
     <span class='ocr_line' id='line_1_24' title="bbox 417 2279 2221 2356; baseline 0 -18"><span class='ocrx_word' id='word_1_145' title='bbox 417 2280 523 2338; x_wconf 92' lang='lat' dir='ltr'>det</span> <span class='ocrx_word' id='word_1_146' title='bbox 568 2279 852 2338; x_wconf 87' lang='lat' dir='ltr'>videlicet</span> <span class='ocrx_word' id='word_1_147' title='bbox 899 2279 1121 2336; x_wconf 91' lang='lat' dir='ltr'>infiniti</span> <span class='ocrx_word' id='word_1_148' title='bbox 1173 2279 1407 2349; x_wconf 88' lang='lat' dir='ltr'>erroris,</span> <span class='ocrx_word' id='word_1_149' title='bbox 1457 2279 1649 2356; x_wconf 91' lang='lat' dir='ltr'>pudet</span> <span class='ocrx_word' id='word_1_150' title='bbox 1699 2279 2073 2337; x_wconf 90' lang='lat' dir='ltr'>intuentium</span> <span class='ocrx_word' id='word_1_151' title='bbox 2125 2286 2221 2338; x_wconf 88' lang='lat' dir='ltr'>tot</span> 
     </span>
     <span class='ocr_line' id='line_1_25' title="bbox 417 2377 2224 2454; baseline -0.001 -17"><span class='ocrx_word' id='word_1_152' title='bbox 417 2386 551 2437; x_wconf 91' lang='lat' dir='ltr'>tum</span> <span class='ocrx_word' id='word_1_153' title='bbox 592 2378 866 2436; x_wconf 90' lang='lat' dir='ltr'>Deorum</span> <span class='ocrx_word' id='word_1_154' title='bbox 911 2385 1047 2436; x_wconf 90' lang='lat' dir='ltr'>tum</span> <span class='ocrx_word' id='word_1_155' title='bbox 1089 2378 1426 2436; x_wconf 91' lang='lat' dir='ltr'>hominum.</span> <span class='ocrx_word' id='word_1_156' title='bbox 1517 2377 1729 2454; x_wconf 88' lang='lat' dir='ltr'>Usque</span> <span class='ocrx_word' id='word_1_157' title='bbox 1759 2397 1833 2436; x_wconf 93' lang='lat' dir='ltr'>eo</span> <span class='ocrx_word' id='word_1_158' title='bbox 1879 2384 2088 2436; x_wconf 90' lang='lat' dir='ltr'>tamen</span> <span class='ocrx_word' id='word_1_159' title='bbox 2131 2379 2224 2436; x_wconf 93' lang='lat' dir='ltr'>in-</span> 
     </span>
     <span class='ocr_line' id='line_1_26' title="bbox 415 2476 2224 2555; baseline 0.001 -20"><span class='ocrx_word' id='word_1_160' title='bbox 415 2478 608 2555; x_wconf 91' lang='lat' dir='ltr'>quieti</span> <span class='ocrx_word' id='word_1_161' title='bbox 653 2485 717 2535; x_wconf 92' lang='lat' dir='ltr'>et</span> <span class='ocrx_word' id='word_1_162' title='bbox 761 2477 927 2535; x_wconf 86' lang='lat' dir='ltr'>anxii</span> <span class='ocrx_word' id='word_1_163' title='bbox 973 2483 1286 2555; x_wconf 84' lang='lat' dir='ltr'>vagantur,</span> <span class='ocrx_word' id='word_1_164' title='bbox 1333 2478 1527 2534; x_wconf 91' lang='lat' dir='ltr'>donec</span> <span class='ocrx_word' id='word_1_165' title='bbox 1579 2476 1941 2535; x_wconf 90' lang='lat' dir='ltr'>adhibeatur</span> <span class='ocrx_word' id='word_1_166' title='bbox 1985 2477 2224 2536; x_wconf 87' lang='lat' dir='ltr'>medica</span> 
     </span>
     <span class='ocr_line' id='line_1_27' title="bbox 416 2576 2222 2653; baseline 0.001 -19"><span class='ocrx_word' id='word_1_167' title='bbox 416 2597 631 2636; x_wconf 90' lang='lat' dir='ltr'>manus</span> <span class='ocrx_word' id='word_1_168' title='bbox 657 2577 964 2646; x_wconf 88' lang='lat' dir='ltr'>Numinis,</span> <span class='ocrx_word' id='word_1_169' title='bbox 985 2584 1255 2634; x_wconf 87' lang='lat' dir='ltr'>veterem</span> <span class='ocrx_word' id='word_1_170' title='bbox 1277 2576 1408 2653; x_wconf 87' lang='lat' dir='ltr'>jam</span> <span class='ocrx_word' id='word_1_171' title='bbox 1439 2576 1722 2634; x_wconf 90' lang='lat' dir='ltr'>morbum</span> <span class='ocrx_word' id='word_1_172' title='bbox 1753 2576 2028 2653; x_wconf 91' lang='lat' dir='ltr'>simplice</span> <span class='ocrx_word' id='word_1_173' title='bbox 2051 2584 2222 2636; x_wconf 86' lang='lat' dir='ltr'>tactu</span> 
     </span>
     <span class='ocr_line' id='line_1_28' title="bbox 415 2675 2223 2755; baseline -0.001 -20"><span class='ocrx_word' id='word_1_174' title='bbox 415 2677 716 2755; x_wconf 91' lang='lat' dir='ltr'>pellentis.</span> <span class='ocrx_word' id='word_1_175' title='bbox 807 2676 996 2753; x_wconf 84' lang='lat' dir='ltr'>Cujus</span> <span class='ocrx_word' id='word_1_176' title='bbox 1040 2676 1128 2734; x_wconf 92' lang='lat' dir='ltr'>rei</span> <span class='ocrx_word' id='word_1_177' title='bbox 1176 2675 1681 2754; x_wconf 86' lang='lat' dir='ltr'>significationem</span> <span class='ocrx_word' id='word_1_178' title='bbox 1732 2675 1920 2734; x_wconf 88' lang='lat' dir='ltr'>habet</span> <span class='ocrx_word' id='word_1_179' title='bbox 1971 2677 2223 2734; x_wconf 92' lang='lat' dir='ltr'>minime</span> 
     </span>
     <span class='ocr_line' id='line_1_29' title="bbox 416 2772 2222 2850; baseline -0.001 -17"><span class='ocrx_word' id='word_1_180' title='bbox 416 2775 809 2833; x_wconf 88' lang='lat' dir='ltr'>temnendam</span> <span class='ocrx_word' id='word_1_181' title='bbox 855 2772 1126 2832; x_wconf 91' lang='lat' dir='ltr'>clausula</span> <span class='ocrx_word' id='word_1_182' title='bbox 1170 2772 1274 2831; x_wconf 89' lang='lat' dir='ltr'>illa</span> <span class='ocrx_word' id='word_1_183' title='bbox 1319 2772 1559 2844; x_wconf 85' lang='lat' dir='ltr'>fabulae,</span> <span class='ocrx_word' id='word_1_184' title='bbox 1605 2793 1726 2849; x_wconf 92' lang='lat' dir='ltr'>qua</span> <span class='ocrx_word' id='word_1_185' title='bbox 1764 2773 2087 2850; x_wconf 92' lang='lat' dir='ltr'>perhibent</span> <span class='ocrx_word' id='word_1_186' title='bbox 2133 2774 2222 2842; x_wconf 90' lang='lat'>10,</span> 
     </span>
     <span class='ocr_line' id='line_1_30' title="bbox 417 2871 2223 2949; baseline 0 -18"><span class='ocrx_word' id='word_1_187' title='bbox 417 2873 544 2932; x_wconf 87' lang='lat' dir='ltr'>sive</span> <span class='ocrx_word' id='word_1_188' title='bbox 565 2872 689 2930; x_wconf 89' lang='lat' dir='ltr'>Isin</span> <span class='ocrx_word' id='word_1_189' title='bbox 721 2872 925 2949; x_wconf 87' lang='lat' dir='ltr'>potius</span> <span class='ocrx_word' id='word_1_190' title='bbox 955 2871 1241 2948; x_wconf 83' lang='lat' dir='ltr'>appelleS,</span> <span class='ocrx_word' id='word_1_191' title='bbox 1261 2873 1338 2931; x_wconf 92' lang='lat' dir='ltr'>ad</span> <span class='ocrx_word' id='word_1_192' title='bbox 1363 2891 1506 2930; x_wconf 88' lang='lat' dir='ltr'>eum</span> <span class='ocrx_word' id='word_1_193' title='bbox 1535 2872 1722 2929; x_wconf 88' lang='lat' dir='ltr'>finem</span> <span class='ocrx_word' id='word_1_194' title='bbox 1753 2873 2022 2930; x_wconf 86' lang='lat' dir='ltr'>exerceri</span> <span class='ocrx_word' id='word_1_195' title='bbox 2046 2873 2223 2931; x_wconf 88' lang='lat' dir='ltr'>devio</span> 
     </span>
     <span class='ocr_line' id='line_1_31' title="bbox 419 2972 2224 3049; baseline -0.001 -18"><span class='ocrx_word' id='word_1_196' title='bbox 419 2974 654 3041; x_wconf 88' lang='lat' dir='ltr'>itinere,</span> <span class='ocrx_word' id='word_1_197' title='bbox 685 2973 884 3049; x_wconf 90' lang='lat' dir='ltr'>quoad</span> <span class='ocrx_word' id='word_1_198' title='bbox 915 2972 1166 3030; x_wconf 86' lang='lat' dir='ltr'>fatalem</span> <span class='ocrx_word' id='word_1_199' title='bbox 1207 2972 1411 3030; x_wconf 91' lang='lat' dir='ltr'>locum</span> <span class='ocrx_word' id='word_1_200' title='bbox 1441 2972 1742 3041; x_wconf 89' lang='lat' dir='ltr'>adveniat,</span> <span class='ocrx_word' id='word_1_201' title='bbox 1775 2978 2224 3030; x_wconf 89' lang='lat' dir='ltr'>sacrosanctum</span> 
     </span>
     <span class='ocr_line' id='line_1_32' title="bbox 419 3069 2225 3149; baseline -0.002 -18"><span class='ocrx_word' id='word_1_202' title='bbox 419 3072 595 3131; x_wconf 90' lang='lat' dir='ltr'>illum</span> <span class='ocrx_word' id='word_1_203' title='bbox 613 3073 882 3149; x_wconf 89' lang='lat' dir='ltr'>quidem,</span> <span class='ocrx_word' id='word_1_204' title='bbox 901 3078 972 3129; x_wconf 94' lang='lat' dir='ltr'>ut</span> <span class='ocrx_word' id='word_1_205' title='bbox 991 3071 1095 3147; x_wconf 89' lang='lat' dir='ltr'>qui</span> <span class='ocrx_word' id='word_1_206' title='bbox 1120 3071 1270 3129; x_wconf 91' lang='lat' dir='ltr'>situs</span> <span class='ocrx_word' id='word_1_207' title='bbox 1297 3071 1376 3129; x_wconf 92' lang='lat' dir='ltr'>sit</span> <span class='ocrx_word' id='word_1_208' title='bbox 1399 3072 1475 3129; x_wconf 90' lang='lat' dir='ltr'>ad</span> <span class='ocrx_word' id='word_1_209' title='bbox 1497 3090 1664 3128; x_wconf 89' lang='lat' dir='ltr'>oram</span> <span class='ocrx_word' id='word_1_210' title='bbox 1681 3069 1951 3148; x_wconf 85' lang='lat' dir='ltr'>AEgypti,</span> <span class='ocrx_word' id='word_1_211' title='bbox 1973 3075 2225 3128; x_wconf 86' lang='lat' dir='ltr'>sacratae</span> 
     </span>
     <span class='ocr_line' id='line_1_33' title="bbox 419 3165 2194 3249; baseline -0.003 -20"><span class='ocrx_word' id='word_1_212' title='bbox 419 3170 568 3229; x_wconf 90' lang='lat' dir='ltr'>olim</span> <span class='ocrx_word' id='word_1_213' title='bbox 591 3169 851 3249; x_wconf 87' lang='lat' dir='ltr'>regionis</span> <span class='ocrx_word' id='word_1_214' title='bbox 874 3186 887 3226; x_wconf 92' lang='lat'><strong>:</strong></span> <span class='ocrx_word' id='word_1_215' title='bbox 920 3169 1124 3245; x_wconf 88' lang='lat' dir='ltr'>quoin</span> <span class='ocrx_word' id='word_1_216' title='bbox 1148 3168 1282 3226; x_wconf 95' lang='lat' dir='ltr'>loco</span> <span class='ocrx_word' id='word_1_217' title='bbox 1297 3169 1553 3245; x_wconf 88' lang='lat' dir='ltr'>jubetur</span> <span class='ocrx_word' id='word_1_218' title='bbox 1571 3170 1897 3243; x_wconf 84' lang='lat' dir='ltr'>expectare</span> <span class='ocrx_word' id='word_1_219' title='bbox 1917 3165 1956 3224; x_wconf 92' lang='lat' dir='ltr'><strong>J</strong></span> <span class='ocrx_word' id='word_1_220' title='bbox 1962 3173 2194 3224; x_wconf 85' lang='lat' dir='ltr'>ovemP.</span> 
     </span>
    </p>
   </div>
   <div class='ocr_carea' id='block_1_5' title="bbox 783 3275 1857 3482">
    <p class='ocr_par' dir='ltr' id='par_1_8' title="bbox 783 3275 1857 3482">
     <span class='ocr_line' id='line_1_34' title="bbox 783 3275 1684 3336; baseline -0.001 -14"><span class='ocrx_word' id='word_1_221' title='bbox 783 3279 908 3323; x_wconf 80' lang='grc' dir='ltr'>ἔστιν</span> <span class='ocrx_word' id='word_1_222' title='bbox 927 3279 1059 3323; x_wconf 85' lang='grc' dir='ltr'>πόλις</span> <span class='ocrx_word' id='word_1_223' title='bbox 1080 3278 1293 3330; x_wconf 86' lang='grc' dir='ltr'>Κάνωβος</span> <span class='ocrx_word' id='word_1_224' title='bbox 1314 3276 1484 3336; x_wconf 85' lang='grc' dir='ltr'>ἐσχάτη</span> <span class='ocrx_word' id='word_1_225' title='bbox 1506 3275 1684 3335; x_wconf 85' lang='grc' dir='ltr'>χθονὸς,</span> 
     </span>
     <span class='ocr_line' id='line_1_35' title="bbox 783 3349 1857 3410; baseline -0.002 -16"><span class='ocrx_word' id='word_1_226' title='bbox 783 3351 949 3395; x_wconf 88' lang='grc' dir='ltr'>Νείλου</span> <span class='ocrx_word' id='word_1_227' title='bbox 969 3351 1082 3409; x_wconf 86' lang='grc' dir='ltr'>πρὸς</span> <span class='ocrx_word' id='word_1_228' title='bbox 1102 3351 1219 3410; x_wconf 80' lang='grc' dir='ltr'>αὐτῷ</span> <span class='ocrx_word' id='word_1_229' title='bbox 1243 3351 1433 3408; x_wconf 86' lang='grc' dir='ltr'>στόματι</span> <span class='ocrx_word' id='word_1_230' title='bbox 1455 3349 1524 3394; x_wconf 83' lang='grc' dir='ltr'>καὶ</span> <span class='ocrx_word' id='word_1_231' title='bbox 1545 3350 1857 3408; x_wconf 86' lang='grc' dir='ltr'>προσχώματι·</span> 
     </span>
     <span class='ocr_line' id='line_1_36' title="bbox 783 3423 1688 3482; baseline -0.001 -14"><span class='ocrx_word' id='word_1_232' title='bbox 783 3424 968 3470; x_wconf 83' lang='grc' dir='ltr'>ἐνταῦθα</span> <span class='ocrx_word' id='word_1_233' title='bbox 989 3423 1042 3481; x_wconf 82' lang='grc' dir='ltr'>δὴ</span> <span class='ocrx_word' id='word_1_234' title='bbox 1066 3443 1121 3470; x_wconf 91' lang='grc' dir='ltr'>σε</span> <span class='ocrx_word' id='word_1_235' title='bbox 1143 3425 1248 3471; x_wconf 85' lang='grc' dir='ltr'>Ζεὺς</span> <span class='ocrx_word' id='word_1_236' title='bbox 1272 3424 1449 3481; x_wconf 88' lang='grc' dir='ltr'>τίθησιν</span> <span class='ocrx_word' id='word_1_237' title='bbox 1470 3424 1688 3482; x_wconf 77' lang='grc' dir='ltr'>ἔμφρονα.</span> 
     </span>
    </p>
   </div>
   <div class='ocr_carea' id='block_1_6' title="bbox 540 3564 2092 3626">
    <p class='ocr_par' dir='ltr' id='par_1_9' title="bbox 540 3564 2092 3626">
     <span class='ocr_line' id='line_1_37' title="bbox 540 3564 2092 3626; baseline -0.003 -13"><span class='ocrx_word' id='word_1_238' title='bbox 540 3577 567 3601; x_wconf 75' lang='lat'>¹¹</span> <span class='ocrx_word' id='word_1_239' title='bbox 601 3570 750 3613; x_wconf 84' lang='lat' dir='ltr'>Prom.</span> <span class='ocrx_word' id='word_1_240' title='bbox 776 3568 879 3626; x_wconf 92' lang='lat'><strong>596.</strong></span> <span class='ocrx_word' id='word_1_241' title='bbox 1187 3575 1205 3593; x_wconf 92' lang='lat'>⁰</span> <span class='ocrx_word' id='word_1_242' title='bbox 1237 3568 1351 3612; x_wconf 85' lang='lat' dir='ltr'>Ibid.</span> <span class='ocrx_word' id='word_1_243' title='bbox 1376 3566 1479 3623; x_wconf 85' lang='lat'>614.</span> <span class='ocrx_word' id='word_1_244' title='bbox 1790 3573 1814 3604; x_wconf 81' lang='lat' dir='ltr'><strong>P</strong></span> <span class='ocrx_word' id='word_1_245' title='bbox 1847 3564 1962 3609; x_wconf 82' lang='lat' dir='ltr'><strong><em>Ibid.</em></strong></span> <span class='ocrx_word' id='word_1_246' title='bbox 1987 3565 2092 3621; x_wconf 88' lang='lat'><strong>845.</strong></span> 
     </span>
    </p>
   </div>
  </div>
 </body>
</html>
