2288 4036
141 286 516 321 PRAEL.xxxv11.
582 264 800 335 pecudes
826 282 944 315 suas
960 280 1077 332 prae
1102 262 1296 313 caeteris
1322 261 1533 312 amavit.
1787 262 1893 316 747

225 413 447 468 Rursus
479 410 580 466 ubi
610 413 900 464 memorat
933 405 1205 463 Pastores
1231 404 1431 480 Libyae
1453 411 1514 471 ¹¹3

375 520 502 576 Saepe
524 518 640 561 diem
661 522 925 572 noctemque
947 521 989 556 et
1011 519 1157 556 totum
1179 527 1232 556 ex
1254 512 1408 556 ordine
1430 527 1628 555 mensem

373 590 588 641 Pascitur,
610 589 732 645 itque
753 601 887 644 pecus
909 587 1044 642 longa
1065 585 1110 628 in
1133 584 1305 629 deserta
1326 586 1420 629 sine
1441 586 1544 629 ullis

375 661 622 719 Hospitiis;
655 666 830 702 tantum
853 657 997 714 campi
1013 658 1154 715 jacet:
1189 657 1339 700 omnia
1361 672 1513 700 secum

371 731 679 776 Armentarius
701 729 808 773 Afer
829 729 935 786 agit,
957 735 1228 786 tectumque,
1253 728 1514 786 Laremque,

371 807 611 862 Armaque,
633 803 1000 860 Amyclaeumque
1022 816 1190 852 canem,
1216 800 1509 859 Cressamque
1530 800 1796 858 pharetram.

138 903 431 971 Quorsum
457 901 698 957 tandem
729 898 892 965 illud,
913 906 946 929 “
968 897 1223 953 Tantum
1249 898 1440 972 campi
1461 897 1626 971 jac-et
1644 898 1700 954 ?'’
1751 897 1896 953 Imi-

137 1006 311 1066 tatur,
341 1000 398 1054 ni
434 997 619 1064 fallor,
650 1014 981 1054 sermonem
1029 993 1166 1050 Itali
1212 995 1477 1068 pastoriS,
1509 995 1792 1060 mirantis,
1824 1002 1893 1050 ut

135 1098 222 1162 fit,
257 1095 459 1171 planas
499 1103 560 1152 et
604 1099 835 1169 apertas
879 1093 1004 1148 sine
1049 1091 1239 1147 limite
1284 1091 1569 1166 regiones,
1601 1109 1735 1146 cum
1782 1091 1892 1165 ipsi

136 1192 331 1249 omnia
361 1191 528 1248 finita
573 1192 690 1247 sint
734 1208 801 1245 ac
847 1188 1140 1253 distincta,
1183 1194 1243 1243 et
1288 1187 1505 1244 crebris
1536 1187 1773 1261 quidem
1806 1187 1894 1243 in-

135 1287 410 1345 tervalliS.

220 1386 311 1441 Ac
358 1384 553 1441 nescio
602 1401 675 1438 an
723 1382 875 1438 forte
919 1381 1125 1438 eadem
1174 1379 1426 1436 formula
1470 1380 1891 1456 comprehendi

135 1481 387 1536 debeant
431 1479 823 1554 pulcherrima
866 1477 967 1535 illa
1011 1497 1078 1534 ac
1122 1477 1393 1552 plurima,
1425 1477 1638 1551 quibus
1675 1496 1738 1534 se
1779 1479 1894 1555 sig-

125 1577 332 1632 nificat
362 1576 579 1632 eximie
603 1575 881 1632 delectari
913 1575 1162 1652 ingeniis
1188 1582 1249 1631 et
1281 1574 1541 1631 moribus
1571 1574 1891 1633 bestiarum

134 1673 415 1738 omnium,
445 1692 723 1748 pecorum
755 1673 1084 1748 praesertim
1117 1679 1178 1729 et
1209 1691 1421 1747 apum:
1467 1672 1651 1728 immo
1683 1692 1891 1730 omnes

133 1788 330 1826 amore
360 1771 612 1844 quodam
649 1771 938 1845 prosequi.
1028 1769 1163 1838 Quo
1209 1788 1326 1825 uno
1371 1769 1630 1826 maxime
1674 1770 1891 1827 indicio

133 1863 323 1921 solent
353 1864 632 1922 declarari
678 1865 814 1922 hinc
857 1884 1171 1941 germanus
1209 1872 1271 1922 et
1306 1866 1598 1941 ingenuus
1642 1867 1724 1922 rei
1769 1886 1894 1924 rus-

132 1962 264 2017 ticae
308 1962 517 2030 cultor,
547 1962 708 2018 illinc
739 1963 785 2019 si
817 1964 916 2037 qui
963 1970 1149 2020 artem
1188 1963 1361 2019 istam
1403 1970 1683 2019 exercent
1727 1964 1892 2039 igno-

133 2059 236 2115 bili
288 2079 355 2117 ac
406 2061 766 2118 mercenario
819 2062 1032 2117 animo,
1123 2059 1293 2116 Nihil
1345 2060 1493 2116 adeo
1545 2059 1776 2136 planius
1829 2068 1891 2117 et

133 2155 344 2213 melius
375 2158 684 2234 distinguit
717 2177 786 2215 ea
814 2177 1032 2234 genera
1066 2167 1189 2214 tam
1221 2158 1489 2233 disparia,
1522 2177 1698 2232 quam
1731 2159 1889 2233 quod

133 2252 217 2308 illi
257 2272 436 2328 pecus
477 2273 652 2310 omne
700 2253 863 2311 velut
908 2255 1286 2311 instrumenti
1328 2255 1458 2311 loco
1495 2254 1769 2322 habeant,
1815 2274 1891 2312 ne

133 2349 284 2407 forte
315 2350 562 2408 decedat
605 2350 825 2426 aliquid
858 2352 931 2408 de
963 2358 1190 2426 quaestu
1234 2351 1442 2428 agelli:
1488 2351 1656 2409 alunt
1686 2353 1889 2428 itaque

133 2455 193 2506 et
224 2448 427 2505 fovent
462 2449 734 2523 pecudeS‚
773 2457 1057 2516 armenta,
1089 2468 1278 2516 caneS,
1309 2449 1484 2525 plane
1515 2451 1667 2507 sicut
1697 2456 1890 2507 aratra

133 2552 191 2599 et
226 2545 374 2621 juga
412 2544 598 2601 fracta
637 2545 813 2612 refici,
847 2553 1047 2602 vetera
1086 2546 1342 2621 suppleri
1374 2554 1613 2604 curant:
1661 2547 1889 2603 effoetos

133 2642 371 2698 tandem
418 2649 479 2699 et
522 2641 759 2699 inutiles
798 2662 833 2699 a
872 2661 933 2699 se
974 2643 1262 2699 removeri
1296 2643 1530 2718 jubent,
1561 2643 1725 2700 nulla
1755 2643 1889 2699 reli-

131 2739 324 2814 gione.
411 2738 495 2795 Hi
526 2747 730 2795 contra
760 2758 894 2795 cum
925 2740 1132 2797 iisdem
1164 2741 1376 2809 vivere,
1400 2760 1571 2816 paene
1603 2748 1885 2816 tanquam

132 2854 267 2892 cum
308 2836 508 2892 amicis
539 2843 601 2892 et
635 2836 962 2894 sodalibus:
1010 2837 1206 2893 studio
1246 2856 1362 2893 non
1408 2837 1523 2893 levi
1556 2839 1779 2895 discere
1817 2857 1885 2896 ac

131 2933 466 3008 praesentire
498 2934 876 2989 necessitates
907 2952 1127 3001 eorum,
1158 2953 1422 3010 angores,
1446 2933 1669 3001 solatia,
1701 2936 1885 2992 immo

134 3029 316 3100 (dicto
353 3030 427 3085 sit
464 3029 659 3100 venia)
702 3029 1010 3086 discursus.
1100 3028 1259 3098 Quid
1303 3030 1533 3088 multa?
1579 3038 1703 3087 tam
1749 3032 1886 3088 feris

132 3145 307 3200 quam
364 3125 686 3200 pecudibus
745 3144 1051 3200 personam
1112 3127 1387 3184 tribuisse
1455 3128 1690 3185 videtur
1745 3128 1887 3187 Vir-

131 3224 321 3300 gilius,
367 3243 502 3290 non,
550 3231 619 3280 ut
669 3223 950 3298 plerique,
1002 3224 1253 3298 poeticae
1301 3225 1627 3282 venustatis
1677 3227 1883 3302 gratia,

133 3320 233 3376 sed
266 3319 454 3376 multo
483 3320 670 3396 magis
700 3327 768 3375 ut
798 3327 953 3376 esset
984 3320 1094 3376 sibi
1125 3321 1282 3377 unde
1305 3320 1572 3396 expleret-
1603 3322 1881 3388 studium,

132 3435 247 3490 quo
291 3434 521 3491 semper
549 3415 851 3492 flagrabat,
883 3435 1021 3492 erga
1057 3418 1303 3475 comites
1343 3437 1410 3477 ac
1458 3418 1753 3475 ministros
1784 3418 1884 3476 de-

132 3508 395 3569 liciarum
425 3531 660 3569 suarum
690 3513 1026 3589 agrestium.

836 3629 863 3652 ¹²
884 3622 996 3664 AEn.
1020 3635 1061 3678 3.
1085 3635 1186 3679 341.
