2288 4036
364 189 473 240 450
811 187 895 240 De
920 187 1043 240 Jove
1067 187 1125 239 in
1152 183 1487 257 Supplioibus
1512 177 1733 239 mitiore.
1835 204 1997 239 PRAEL.
2015 206 2172 240 xxm.

363 335 667 393 immiscet
697 333 993 411 precibuS‚
1025 332 1065 390 J
1070 352 1269 402 ovem,
1302 339 1373 391 ut
1403 334 1490 402 fit,
1523 333 1850 411 fatigantes
1880 335 2174 392 memoria

363 432 599 509 pristini
652 433 715 489 in
767 451 943 490 suum
996 450 1189 509 genus
1240 431 1518 490 beneficii
1542 441 1579 489 ⁸.
1669 431 1840 489 Γενοῦ
1888 436 2173 501 πολυμνή-

363 557 539 612 στωρ,
565 538 754 599 orant,
780 526 1063 611 ἐφάπτωρ
1090 528 1255 592 Ἰοῦς.
1316 530 1419 589 ΝΘ
1450 540 1658 590 aut-em
1690 531 2001 602 dubitetis,
2027 533 2171 609 quid

363 633 458 701 sit,
491 632 650 708 quod
687 629 925 708 Epaphi
959 635 1162 688 ortum
1208 630 1269 687 in
1307 631 1565 710 prodigii
1613 631 1747 689 loco
1788 639 2036 709 ponant,
2067 633 2170 691 ad-

367 731 537 799 dunt,
568 736 809 788 narrato
839 729 1004 805 prius
1035 728 1251 786 exsilio
1285 729 1531 807 virginis
1550 729 1587 799 ¹⁵,

728 852 798 896 καὶ
819 853 921 896 τότε
942 851 994 908 δὴ
1018 851 1084 898 τίς
1104 850 1156 908 ἦν
1178 854 1202 896 ὁ
1224 852 1330 897 θέλ-

730 929 810 986 ξας
830 925 1179 986 πολύπλαγκτον
1200 927 1359 972 ἀθλίαν

728 1002 1071 1061 οἰστροδόνητον
1088 1000 1159 1046 Ἰώ
1172 1019 1186 1054 ;

731 1075 834 1122 Ζεὺς
856 1075 1011 1121 αἷῶνος
1031 1075 1170 1135 κρέων
1190 1074 1435 1121 ἀπαύστου·

729 1150 808 1205 βία
829 1149 866 1195 δ’
889 1150 1127 1213 ἀπημάντῳ
1153 1150 1302 1196 σθένει

731 1227 800 1271 καὶ
822 1226 959 1274 θείαις
980 1226 1222 1272 ἐπιπνοίαις

729 1298 927 1353 παύεται,
951 1299 1151 1360 δακρύων
1172 1298 1208 1344 δ’
1232 1299 1341 1345 ἀπο-

731 1375 882 1431 στάζει
903 1374 1116 1434 πένθιμον
1137 1374 1261 1419 αἰδῶ.

368 1480 652 1539 Suaviter
683 1481 881 1558 tangit
912 1480 974 1537 id
1007 1479 1255 1538 solenne
1286 1479 1744 1550 insanientibus,
1771 1481 1932 1558 quod
1958 1483 2175 1541 arescit

366 1580 765 1658 lacrymarum
815 1580 984 1649 fons3
1037 1579 1139 1655 qui
1188 1578 1340 1636 adeo
1381 1578 1607 1637 iterum
1654 1600 1977 1657 erumpens
2021 1582 2176 1639 indi-

367 1678 531 1736 cium
562 1678 689 1736 edit
720 1678 904 1736 animi
952 1678 1028 1736 ad
1075 1697 1138 1736 se
1183 1678 1515 1736 redeuntis.
1609 1676 1731 1736 Sed
1769 1698 1908 1736 cum
1942 1678 2011 1736 Io
2044 1699 2199 1756 per-‚

366 1797 580 1856 gamus
605 1797 617 1836 :

731 1877 939 1929 λαβοῦσα
962 1874 998 1919 δ’
1023 1874 1133 1935 ἕρμα
1155 1874 1249 1920 δῖον
1270 1875 1462 1935 ἀψευδεῖ
1478 1876 1667 1936 λόγῳ-

368 2001 622 2079 probato
654 2001 888 2060 scilicet
921 2001 1275 2061 Promethei
1310 2003 1682 2060 vaticinio—

731 2127 907 2187 γείνατο
928 2126 1047 2172 παῖδ’
1071 2127 1268 2187 ἀμεμφῆ,

733 2200 787 2246 δι’
810 2202 965 2248 αἰῶνος
984 2204 1152 2262 μακροῦ
1171 2202 1415 2256 πάνολβον.

372 2313 582 2375 Velim
630 2314 969 2371 accuratius
1015 2313 1148 2372 haec
1194 2313 1467 2371 conferat
1513 2313 1729 2391 aliquis
1778 2335 1915 2373 cum
1959 2316 2175 2374 eodem

368 2414 542 2483 Jove,
575 2413 817 2491 qualem
862 2413 1036 2471 nobis
1080 2421 1223 2472 ante
1269 2412 1477 2471 oculos
1522 2421 1806 2490 posuerat
1852 2416 2065 2474 eadem
2105 2415 2175 2473 Io

368 2517 432 2575 in
475 2513 842 2572 Prometheo
882 2513 1149 2583 Vinct03
1197 2533 1315 2591 qua
1356 2514 1689 2572 acerbitate
1732 2515 2014 2573 miseram
2060 2516 2177 2574 vir-

368 2617 573 2694 ginem
605 2634 639 2672 e
672 2614 853 2672 domo
885 2614 1072 2691 patris
1104 2612 1330 2691 expelli
1350 2613 1648 2690 jussisset.
1720 2613 2004 2673 Profecto
2037 2635 2178 2674 con-

370 2715 587 2772 ferenti
625 2733 747 2771 non
778 2711 1135 2771 incredibile
1168 2712 1303 2782 erit,
1323 2712 1629 2790 AEschylo‚
1662 2713 1946 2771 scribenti
1974 2713 2176 2772 Ἱκετί-

371 2814 481 2883 δας,
513 2814 789 2892 religioni
831 2813 1036 2881 fuisse,
1068 2831 1205 2889 quae
1235 2821 1377 2872 ante
1410 2801 1485 2871 de
1517 2820 1689 2871 tanto
1725 2812 1998 2872 Numine
2030 2814 2178 2873 libe-

370 2916 492 2973 rius
533 2914 867 2990 scripserat.
962 2911 1174 2989 quue
1212 2913 1337 2970 veri
1380 2913 1633 2972 fortasse
1667 2912 1971 2991 judicabit
2016 2913 2179 2972 sirni-

370 3013 537 3083 liora,
571 3033 707 3089 quae
737 3033 847 3071 nos
877 3013 1043 3090 prius
1079 3013 1358 3091 augurati
1397 3032 1623 3083 sumus,
1656 3021 1791 3071 tum
1822 3014 1898 3072 de
1931 3012 2179 3071 Prome-

371 3114 516 3172 theo
548 3113 781 3182 Soluto,
809 3120 945 3170 tum
976 3112 1052 3170 de
1084 3111 1364 3171 laudibus
1395 3111 1586 3182 Jovis,
1613 3111 1824 3171 sedulo
1854 3132 1924 3171 ac
1953 3113 2175 3190 passim

372 3213 646 3290 repetitis
675 3213 739 3270 in
771 3210 1262 3291 Agamemnonia
1291 3210 1572 3290 Trilogia.

467 3311 588 3370 Sed
649 3330 860 3369 vereor
917 3330 995 3368 ne
1050 3312 1220 3387 justo
1288 3310 1526 3388 longius
1567 3325 1895 3369 ‘versemur
1945 3311 2024 3388 ‘in
2083 3312 2176 3370 his

681 3547 695 3566 ⁵
729 3541 836 3599 Sap.
857 3552 964 3599 544.
1577 3541 1595 3571 t
1627 3540 1738 3584 Ibid.
1765 3541 1869 3599 580.
