2288 4036
261 187 387 241 '688
579 189 662 241 De
687 187 1026 240 recentiorum
1053 185 1377 257 quorundam
1401 187 1645 239 amentia.
1700 205 1864 239 PRAEL.
1889 205 2079 239 xxxiv.

277 335 397 403 ille,
436 336 483 394 si
524 335 655 412 quis
697 332 868 399 aliuS,
910 338 973 390 et
1012 330 1368 408 profundam
1405 330 1665 390 Poeseos
1695 350 1908 390 venam
1952 351 2080 390 cor-

277 434 461 511 rupit,
499 432 787 491 admixtis
835 448 1045 488 eorum
1093 430 1469 496 commentis,
1501 429 1604 506 qui
1641 429 1737 488 vel
1774 429 1941 487 nullo
1980 428 2077 487 vel

277 532 437 590 malo
472 532 742 590 Numine
784 530 911 608 regi
953 529 1081 587 haec
1118 529 1322 586 omnia
1355 529 1557 587 nescio
1594 548 1671 587 an
1707 529 2076 598 existiment,

277 629 490 687 volunt
536 639 701 687 certe
743 627 1007 705 quidem.
1100 625 1197 684 Ex
1238 646 1358 704 quo
1398 625 1681 685 effectum
1724 633 1835 696 est,
1866 633 1937 684 ut
1974 628 2077 703 qui

277 728 588 787 sanctioris
621 726 876 786 Naturae
916 745 1269 784 arcanorum
1303 726 1514 784 debuit
1544 744 1675 784 esse
1710 725 1986 784 minister
2014 732 2078 784 et

275 828 587 904 interpreS,
620 827 670 884 is
702 825 1049 883 vehementi
1087 825 1231 884 satis
1262 845 1331 884 ac
1363 826 1526 883 vario
1558 826 1821 883 carmine
1865 845 2078 902 reprae-

277 932 543 984 sentaret
581 924 754 983 nobis
790 923 1020 981 nullam
1062 923 1253 982 ferme
1295 925 1409 982 nisi
1449 943 1569 982 suae
1609 926 1832 983 mentis
1866 924 2078 1003 imagi-

275 1045 436 1094 nem,
482 1044 642 1081 nunc
696 1030 869 1081 torva
908 1008 1186 1100 quadam·
1214 1023 1566 1095 acerbitate,
1605 1043 1765 1082 nunc
1813 1023 2074 1082 elatione

275 1123 615 1201 voluptaria
674 1129 1017 1182 commotae.
1109 1122 1401 1199 Ejusdem
1459 1130 1665 1181 tamen
1712 1141 1915 1181 versus
1965 1122 2079 1179 mi-

274 1243 410 1280 rum
442 1242 625 1298 quam
655 1221 936 1280 alacriter
978 1222 1040 1279 in
1081 1240 1295 1281 manus
1335 1222 1669 1281 identidem
1715 1221 2074 1299 acceperint,

273 1323 462 1380 immo
515 1322 751 1380 schedis
797 1321 1227 1389 commiserint,
1271 1341 1474 1380 amore
1512 1322 1790 1399 quodam,
1837 1320 2077 1399 elegan-

275 1423 459 1480 tiores
504 1441 625 1480 non
673 1420 867 1480 solum
900 1421 1030 1490 viri,
1068 1421 1172 1480 sed
1218 1428 1281 1479 et
1318 1421 1577 1480 foeminae
1608 1438 1888 1498 quoque:
1935 1439 2076 1478 cum

274 1541 353 1580 ne
384 1522 830 1580 somniarentur
860 1521 1127 1598 quidem,
1160 1540 1224 1579 se
1253 1522 1315 1579 in
1346 1521 1639 1598 pietatem
1685 1539 1935 1598 peccare
1971 1519 2077 1578 311-

276 1622 437 1697 quid.
530 1620 820 1691 Dederat,
867 1620 1067 1690 cred0,
1107 1628 1254 1678 tunc
1300 1621 1485 1679 etiam
1538 1620 1841 1697 temporiS,
1882 1619 2077 1678 Poeta

274 1739 501 1779 coecam
547 1720 811 1797 aliquam
852 1719 1353 1798 significationem
1393 1719 1579 1778 animi
1622 1738 1743 1777 non
1787 1718 1944 1778 bene
1983 1719 2076 1777 sui

274 1819 588 1897 compotis
689 1818 924 1896 Itaque,
974 1820 1077 1896 qui
1130 1818 1482 1897 benigniore
1535 1825 1707 1876 erant
1757 1816 1978 1885 indole,
2027 1818 2075 1875 si

274 1920 435 1997 quod
482 1919 610 1996 ejus
655 1918 1000 1996 improbum
1047 1924 1288 1976 sonaret
1334 1924 1397 1975 et
1442 1917 1715 1994 impium,
1756 1923 2075 1994 acceptum

272 2019 616 2078 referebant
662 2037 783 2075 non
829 2018 1015 2094 ipsius
1053 2015 1261 2094 culpae,
1294 2016 1399 2074 sed
1440 2017 1651 2075 morbo
1683 2016 1920 2075 coelitus
1963 2015 2075 2074 im-

271 2119 473 2178 1111000.

367 2218 555 2277 Η11110
608 2227 850 2277 secutus
903 2225 995 2276 est
1055 2216 1225 2285 alter,
1281 2217 1503 2295 lingua,
1555 2217 1715 2294 quod
1767 2217 1840 2275 ad
1895 2217 2072 2275 istam

270 2318 673 2377 insanientem
721 2317 1078 2394 sapientiam
1125 2317 1365 2383 attinet,
1397 2317 1589 2394 magis
1634 2316 1846 2374 audaci
1883 2323 1948 2374 et
1985 2316 2071 2374 ef-

269 2419 544 2488 fraenata,
575 2436 783 2475 verum
824 2436 964 2474 cum
997 2415 1193 2474 verbis
1234 2416 1621 2492 numerisque
1661 2415 1905 2485 facilior,
1937 2422 2070 2474 tum

270 2518 491 2586 anim0,
541 2523 612 2574 111
667 2517 927 2584 videtur,
980 2535 1102 2574 non
1161 2514 1365 2592 paullo
1418 2516 1733 2574 teneriore.
1830 2514 1952 2574 Sed
2008 2523 2071 2574 et

268 2614 442 2673 illum
489 2616 593 2673 vix
638 2635 760 2674 suae
813 2615 1035 2673 mentis
1081 2614 1264 2673 fuisse
1315 2614 1640 2692 probabilis
1683 2616 1892 2673 aderat
1931 2634 2073 2673 con-

259 2715 518 2792 jectura.
609 2713 771 2784 Quid
806 2713 1046 2772 multa?
1096 2713 1372 2772 ferebant
1411 2713 1686 2773 homines
1726 2722 2072 2791 utrumque,

268 2814 570 2890 hodieque
616 2813 836 2881 ferunt,
878 2819 1167 2889 tanquam
1213 2813 1462 2871 miseros
1505 2814 1697 2892 magis
1737 2832 1917 2890 quam
1961 2815 2074 2871 im-

267 2912 416 2989 pios.
509 2911 606 2969 Ex
638 2931 757 2988 quo
794 2909 1057 2989 intelligi
1098 2910 1350 2970 fortasse
1381 2911 1581 2979 debet,
1614 2923 1839 2988 quanta
1869 2911 1957 2969 vis
1993 2912 2069 2970 sit

267 3020 497 3070 naturae
544 3011 831 3068 humanae
884 3011 947 3067 in
1000 3010 1222 3069 bonam
1276 3011 1559 3088 piamque
1605 3017 1875 3087 partem:
1929 3000 2069 3068 nam

268 3131 388 3188 qua
441 3110 781 3188 suspicione
834 3109 1032 3167 solent
1087 3109 1444 3187 plerumque
1496 3109 1771 3187 refugere
1820 3115 1883 3166 et
1935 3108 2071 3175 hor-

266 3230 499 3270 rescere
539 3210 744 3279 animi,
791 3210 854 3267 in
899 3213 1034 3268 eam
1087 3209 1249 3268 ultro
1297 3229 1360 3268 se
1404 3210 1719 3287 recipiunt,
1766 3209 1946 3267 modo
1991 3227 2069 3267 ne

267 3311 646 3370 adducantur
675 3318 744 3367 ut
778 3310 1044 3379 credant,
1075 3310 1279 3368 Deum
1323 3330 1359 3368 a
1402 3310 1600 3369 sobrio
1631 3309 1831 3386 aliquo
1877 3327 1946 3365 30
1985 3307 2069 3364 vi—

266 3410 497 3489 gilante
535 3408 661 3467 ullo
692 3417 967 3486 tempore
997 3411 1203 3489 negari
1234 3411 1519 3488 potuisse.
1610 3410 1910 3467 Amentes
1939 3425 2068 3465 esse

267 3509 497 3577 volunt,
530 3528 607 3566 ne
637 3508 784 3566 fiant
818 3508 1057 3567 scelesti
1090 3515 1153 3566 et
1183 3509 1495 3567 immanes

355 3608 488 3667 “At
519 3609 683 3666 enim
714 3608 919 3684 ecquis
951 3627 1216 3684 unquam
1250 3608 1516 3684 patiatur
1551 3606 1786 3685 frigidae
1817 3604 1966 3662 adeo
1997 3622 2066 3663 ac
