2288 4036
354 212 464 268 594
633 213 949 284 Euripidmn
974 213 1146 267 nimia
1170 213 1501 285 simplicitate
1515 231 1755 286 peccare.
1821 233 1983 268 PRAEL.
2006 235 2158 270 xxrx.

353 360 598 436 quidem
634 360 761 419 ullo
793 380 1070 420 sermone
1102 364 1230 439 ejus
1261 381 1566 441 agnoscas.
1636 362 1867 423 Videte
1897 371 1968 422 ut
2001 363 2159 423 Her—

350 460 617 518 mionem
643 459 1062 537 reprehendat,
1076 461 1324 538 privatis
1344 461 1470 520 fere
1490 462 1857 521 carminibus
1877 482 1946 522 ac
1969 483 2156 541 prope

351 577 526 617 socco
558 559 754 638 dignis
774 568 836 618 ⁰:

1000 685 1052 728 οὗ
1072 685 1122 730 τὸ
1146 686 1326 739 κάλλος,
1349 686 1383 731 ὣ
1404 687 1547 745 γυναὶ,

650 756 753 802 ἀλλ’
776 758 820 801 αἱ
839 757 976 816 ’ρεταὶ
995 758 1211 817 τέρπουσι
1232 759 1333 806 τοὺς
1353 759 1621 818 ξυνευνέτας.

651 831 710 876 σὺ
732 829 769 875 δ’
792 833 844 889 ἤν
864 850 907 877 τι
928 832 1125 890 κνισθῇς,
1147 832 1172 889 ἡ
1196 833 1386 878 Λάκαινα
1406 833 1487 891 μὲν
1506 836 1638 880 πόλις

649 905 746 965 μέγ’
769 905 883 959 ἐστι,
904 906 983 963 τὴν
1004 906 1051 950 δὲ
1074 909 1240 965 Σκῦρον
1261 907 1454 965 οὐδαμοῦ
1475 908 1612 966 τίθης,

648 982 857 1026 πλουτεῖς
877 979 914 1025 δ’
938 979 985 1025 ἐν
1006 980 1059 1025 οὗ
1077 982 1343 1034 πλουτοῦσι,
1366 982 1597 1029 Μενελέως
1617 982 1669 1026 δέ
1687 1002 1762 1028 σοι

646 1053 805 1111 μείζων
824 1053 1087 1114 Ἀχιλλέως·
1120 1055 1258 1100 ταῦτά
1278 1055 1351 1100 τοί
1371 1055 1414 1101 σ’
1438 1056 1561 1115 ἔχθει
1581 1058 1731 1103 πόσις.

431 1158 595 1228 Quid
626 1160 810 1238 ergo?
869 1159 1042 1218 Num
1067 1179 1103 1218 a
1120 1159 1373 1239 Tragico
1400 1160 1708 1240 Scriptore
1733 1163 1940 1221 dedita
1969 1183 2151 1241 opera

342 1257 597 1318 dicimus
634 1258 908 1318 adhiberi
953 1258 1214 1318 trivialia
1258 1259 1490 1319 haec-et
1535 1279 1705 1338 paene
1746 1263 1995 1332 comica,
2028 1284 2148 1340 quo

339 1364 528 1432 ponat
567 1358 742 1416 nobis
778 1359 1050 1417 animum
1095 1360 1571 1437 generosissimae
1602 1380 1843 1437 quoque
1881 1361 2149 1422 mulieris

338 1474 597 1515 moerore
628 1457 1001 1517 demissum?
1068 1457 1308 1517 Scimus
1354 1459 1536 1529 enim,
1570 1461 1868 1518 diuturnis
1913 1461 2149 1539 angori-

338 1553 452 1612 bus
503 1555 722 1615 misere
774 1556 1100 1634 aliquando
1153 1556 1343 1636 frangi
1400 1558 1663 1635 spiritus»,
1712 1566 1776 1617 et
1827 1559 2146 1636 paullatim

338 1654 787 1728 quodammodo
827 1672 1188 1713 evanescere
1233 1673 1508 1731 saporem
1553 1654 1729 1713 illum
1774 1655 2145 1726 nobilitatis3

336 1753 670 1829 praesertim
700 1753 805 1812 ubi
837 1753 971 1830 quis
1002 1753 1066 1811 in
1096 1753 1252 1811 servi
1282 1751 1487 1810 locum
1519 1752 1754 1810 venerit
1772 1761 1833 1811 P:

639 1878 778 1936 ἥμισυ
797 1878 885 1938 ’γὰρ
906 1876 944 1924 τ’
967 1877 1123 1937 ἀρετῆς
1143 1877 1399 1923 ἀποαίνυται
1421 1876 1614 1934 εὗρυόπα
1635 1877 1740 1924 Ζεὺς

637 1951 804 2013 ἀνέρος,
826 1950 914 1998 εὖτ’
935 1951 990 1998 ἅν
1007 1970 1083 2010 μιν
1103 1951 1212 1997 κατὰ
1234 1950 1413 1997 δούλιον
1432 1949 1548 2011 ἦμαρ
1571 1951 1749 2009 ἕλῃσιν·

333 2055 631 2133 siquidem
677 2056 1014 2115 audiendus
1061 2063 1155 2115 est
1196 2055 1522 2114 Homerus·
1625 2055 1760 2113 Aut
1804 2054 1991 2134 igitur
2033 2075 2144 2133 pu-

331 2155 587 2217 tandum
639 2154 917 2214 consulto
971 2154 1184 2214 fecisse
1231 2153 1607 2231 Euripidem,
1656 2161 1727 2212 ut
1776 2154 2141 2233 degenerem

331 2253 635 2330 quandam
660 2254 1136 2313 Andromachen
1166 2254 1228 2312 in
1276 2272 1519 2312 scenam
1559 2254 1872 2324 mitteret3
1919 2246 2026 2312 aut
2053 2255 2140 2329 (id

330 2353 493 2434 quod
525 2353 810 2431 equidem
841 2353 967 2411 veri
998 2371 1128 2412 esse
1156 2353 1367 2430 judico
1399 2352 1679 2427 similius)
1713 2359 1884 2411 tenet
1923 2353 1986 2411 in
2026 2350 2140 2413 hac

328 2471 394 2510 re
446 2472 625 2510 suum
677 2450 831 2510 illud
880 2450 1092 2521 Poeta,
1141 2457 1212 2509 ut
1264 2470 1342 2509 ex
1395 2450 1836 2528 simplicissima
1877 2453 2139 2528 quadam

326 2553 575 2629 privatae
607 2558 671 2610 et
700 2550 1042 2610 umbratilis
1074 2550 1214 2609 vitae
1246 2549 1507 2608 formula
1536 2549 1789 2608 affectus
1818 2545 2138 2628 moresque

327 2652 602 2709 omnium
648 2650 812 2729 exigi
858 2649 1024 2709 velit.
1116 2649 1256 2720 Quo
1301 2649 1364 2707 in
1414 2667 1639 2727 genere
1691 2668 1941 2726 peccare
1995 2666 2137 2709 eum

326 2750 650 2827 aliquando
696 2755 760 2809 et
796 2749 1055 2807 nimium
1100 2749 1247 2816 fieri,
1279 2748 1583 2826 popularis
1624 2755 1754 2806 erat
1795 2744 2134 2809 sententia:

325 2846 508 2904 modo
544 2865 623 2904 ne
658 2852 892 2904 temere
927 2844 1290 2904 adhibeatur
1319 2843 1778 2923 Aristophanes,
1811 2848 1986 2905 testis
2017 2846 2137 2907 At-

325 2945 586 3003 ticorum
632 2963 705 3002 eo
751 2950 1028 3021 tempore
1068 2942 1418 3001 voluntatis,
1510 2943 1572 3002 Is
1622 2950 1788 3002 certe
1841 2964 1964 3003 non
2015 2946 2135 3005 alia

325 3043 401 3100 de
432 3061 613 3100 causa
640 3042 882 3120 gravius
911 3042 975 3099 in
1006 3040 1363 3118 Euripidem
1397 3041 1722 3110 invehitur,
1755 3062 1937 3119 quam
1969 3045 2133 3120 quod

322 3140 560 3199 afflictis
593 3139 901 3198 Heroibus
945 3159 1017 3198 ac
1061 3139 1313 3218 Reginis
1358 3139 1561 3199 sordes
1604 3140 1709 3198 ille
1744 3141 1948 3200 nescio
1985 3163 2133 3220 quas

322 3237 515 3298 soleat
544 3238 834 3308 tribuere,
866 3245 1000 3297 tum
1033 3239 1297 3297 vestium
1328 3245 1465 3298 tum
1495 3240 1818 3298 verborum
1839 3247 1899 3299 ‘lt

562 3365 740 3420 πρῶτον
759 3360 840 3419 μὲν
859 3360 961 3408 τοὺς
980 3359 1305 3415 βασιλεύοντας
1322 3359 1434 3420 ῥάκι’
1456 3361 1711 3420 ἀμπίσχων,
1732 3359 1785 3406 ἶν’
1809 3361 1992 3408 ἐλεεινοὶ

562 3437 656 3482 τοῖς
675 3434 923 3493 ἀνθρώποις
943 3433 1150 3493 φαίνωντ’
1172 3431 1280 3480 εἶναι
1287 3467 1447 3481 ......

561 3506 637 3554 εἶτ’
659 3507 714 3553 αὖ
733 3508 895 3553 λαλιὰν
916 3508 1200 3566 ἐπιτηδεῦσαι
1222 3508 1292 3553 καὶ
1315 3508 1571 3566 στωμυλίαν
1592 3507 1810 3565 ἐδίδαξας,

379 3645 404 3670 0
424 3635 633 3682 Androm.
662 3646 765 3695 207.
976 3644 1001 3675 1³
1027 3636 1187 3694 Odyss.
1217 3646 1286 3695 17.
1310 3649 1415 3695 322.
1602 3643 1625 3675 ‘1
1648 3635 1766 3681 Rau.
1795 3647 1926 3697 1095.
1945 3672 1955 3684 .
1974 3651 2123 3685 .1101.
