2288 4036
346 126 458 179 504
694 115 696 118 ’
734 125 962 181 Choreas
981 134 1089 179 twm
1115 125 1337 179 locorwm
1363 125 1714 199 reliyionibus,
1821 147 1979 182 PRAEL.
2007 148 2136 182 xxv.

349 274 525 344 nisse,
548 281 619 332 ut
644 275 747 352 qui
777 275 1020 352 propius
1040 274 1171 351 jam
1194 273 1403 333 abesse
1427 274 1503 333 ab
1526 274 1633 334 illo
1663 282 1843 354 portu
1866 278 2140 356 incipiat:

348 380 483 432 tum
520 373 682 433 facili
727 375 870 434 satis
903 374 1195 450 junctura
1225 374 1469 433 devenit
1509 376 1586 434 ad
1622 375 1828 436 solitas
1857 376 2144 437 Hieronis

348 474 439 532 sui
471 472 696 533 laudes.

650 601 774 649 εἷπον
795 603 843 648 δὲ
863 603 1113 662 μεμνᾶσθαι
1137 606 1429 664 Συρακοσσᾶν
1449 623 1498 650 τε
1519 605 1590 650 καὶ
1609 603 1860 665 Ὀρτυγίας,

649 678 729 723 τὰν
746 676 894 737 Ἱέρων
915 678 1091 740 καθάρῳ
1114 677 1297 738 σκάπτῳ
1318 678 1493 733 διέπων,

649 751 778 810 ἄρτια
806 752 1065 810 μηδόμενος,
1089 754 1400 812 φοινικόπεζαν
1430 752 1629 812 ἀμφέπει
1655 752 1879 813 Δάματρα,
1900 752 2146 799 λευκίππου

710 845 758 871 τε
779 825 997 886 θυγατρὸς
1018 825 1187 886 εὀρτάν,

650 899 720 943 καὶ
741 899 877 956 Ζηνὸς
897 899 1101 945 Αἰτναίου
1123 901 1295 959 κράτος.

349 1015 596 1094 Nempe
637 1016 849 1088 Hiero,
887 1026 956 1077 ut
993 1019 1250 1087 videtur,
1288 1019 1398 1078 illo
1438 1027 1714 1098 tempore
1759 1020 1945 1079 festos
1990 1018 2145 1079 cele-

346 1117 560 1175 brabat
591 1117 797 1176 Cereri
830 1125 892 1177 et
925 1118 1304 1196 Proserpinae
1351 1120 1496 1179 dies.
1587 1118 1904 1178 Postremo
1949 1120 2147 1178 exitu-

346 1236 448 1275 rus
493 1217 651 1276 redit
698 1218 761 1275 in
812 1219 1175 1295 principium
1228 1238 1422 1287 suum,
1464 1217 1814 1296 clauditque
1859 1218 2038 1278 simul
2083 1226 2155 1278 et.

345 1316 538 1376 melos
569 1324 633 1376 et
663 1336 947 1395 pompam
979 1319 1267 1377 votivam.

649 1449 708 1508 μὴ
726 1447 918 1509 θραύσαι
939 1451 1101 1510 χρόνος
1121 1448 1262 1505 ὄλβον
1283 1448 1505 1508 ἐφέρπων.

650 1523 734 1570 σὺν
755 1524 803 1569 δὲ
824 1522 1189 1584 φιλοφροσύναις
1208 1524 1434 1583 εὐηράτοις
1452 1522 1644 1584 Ἀγησία
1666 1522 1841 1582 δέξαιτο
1863 1526 2007 1581 κῶμον

648 1596 798 1657 ματέρ’
821 1597 1030 1657 εὐμήλοιο
1050 1597 1243 1644 λείποντ’
1265 1597 1512 1657 Ἀρκαδίας·
1539 1596 1702 1656 ἀγαθαὶ
1723 1597 1772 1642 δὲ
1792 1596 1970 1643 πέλοντ’
1989 1597 2035 1643 ἐν
2053 1615 2146 1657 χει-

707 1673 838 1730 μερίᾳ

649 1746 770 1791 νυκτὶ
791 1746 897 1793 θοὰς
917 1745 965 1791 ἐκ
987 1747 1089 1794 ναὸς
1108 1745 1418 1806 ἀπεσκίμφθαι
1440 1744 1503 1791 δυ’
1528 1744 1729 1806 ἄγκυραι·
1766 1744 1867 1792 θεὸς

649 1821 786 1866 τῶνδε
808 1821 959 1867 κείνων
979 1840 1027 1866 τε
1049 1822 1213 1866 κλυτὰν
1233 1818 1367 1867 αἶσαν
1386 1820 1575 1880 παρέχοι
1597 1820 1783 1880 φιλέων·

650 1894 848 1940 δέσποτα
868 1896 1155 1953 ποντόμεδον,
1179 1895 1307 1941 εὐθὺν
1328 1895 1377 1940 δὲ
1397 1896 1541 1940 πλοὸν
1560 1895 1763 1953 καμάτων

649 1969 773 2016 ἐκτὸς
793 1970 919 2015 ἕοντα
940 1970 1070 2023 δίδοι,
1092 1970 1454 2028 χρυσαλακάτοιο
1475 1971 1611 2016 πόσις

647 2040 954 2104 Ἀμφιτρίτας·
989 2042 1104 2101 ε’μῶν
1125 2041 1165 2087 δ’
1187 2041 1331 2102 ὕμνων
1351 2041 1446 2101 ἄεξ’
1471 2042 1677 2102 εὐτερπὲς
1697 2041 1841 2089 finees·-

345 2162 484 2233 Qua
527 2162 590 2220 in
627 2160 896 2220 clausula
926 2162 1146 2221 versari
1192 2181 1334 2220 eum
1376 2182 1517 2220 cum
1559 2161 1988 2240 navigantibus
2029 2162 2147 2241 sig-

343 2262 551 2320 nificat
591 2263 815 2320 tectius
859 2262 1247 2339 proverbium
1278 2260 1432 2319 illud
1463 2261 1539 2319 de
1569 2281 1634 2319 re
1665 2261 1911 2319 nautica
1941 2281 2148 2339 sump-

344 2368 500 2430 tum,
531 2362 797 2437 apertius
828 2368 1036 2419 autem
1066 2379 1275 2438 preces
1307 2358 1526 2418 oblatae
1559 2358 1877 2436 Neptuno.

436 2461 595 2518 Haec
629 2460 819 2519 fusius
855 2478 1160 2537 exponere
1192 2459 1594 2528 decreveram,
1633 2465 1954 2536 propterea
1983 2458 2145 2534 quod

345 2579 466 2617 non
509 2559 900 2617 mediocriter
933 2559 1110 2617 torsit
1152 2558 1205 2617 is
1240 2556 1501 2636 hymnus
1545 2557 1789 2635 ingenia
1826 2558 2144 2615 doctorum

346 2658 634 2716 virorum:
670 2677 852 2734 quern
885 2658 933 2715 si
966 2658 1173 2736 exigas
1198 2657 1274 2715 ad
1298 2675 1433 2714 eam
1458 2654 1799 2725 formulam,
1825 2675 1962 2733 quae
1986 2656 2145 2729 κώμῳ

343 2761 511 2813 trans
557 2773 726 2813 mare
773 2755 1052 2812 ducendo
1104 2753 1374 2831 potuerit
1421 2752 1727 2823 inservire,
1773 2752 2147 2810 commodior

343 2852 541 2910 multo
573 2861 636 2910 et
666 2853 991 2920 venustior,
1023 2859 1094 2909 ut
1123 2850 1275 2912 mihi
1306 2851 1553 2928 quidam
1584 2850 1841 2919 videtur,
1871 2850 1986 2907 erit
2016 2850 2144 2927 ejus

343 2951 605 3028 partium
639 2970 850 3009 nexus.

434 3048 556 3107 Sed
589 3048 798 3126 religio
839 3056 997 3107 esset
1028 3050 1103 3106 de
1136 3048 1388 3107 Choreis
1423 3045 1891 3124 triumphalibus
1920 3047 2143 3125 agenti,

346 3149 411 3206 ni
442 3167 633 3225 pauca
657 3147 733 3205 de
756 3147 966 3206 multis
990 3148 1308 3218 adferrem,
1333 3147 1550 3223 quibus
1573 3146 1677 3204 ille
1701 3145 1869 3204 locus
1893 3146 2144 3204 mirifice

347 3244 502 3303 solet
546 3243 867 3302 illustrari:
915 3263 1020 3301 seu
1060 3244 1163 3302 Dii
1205 3245 1445 3313 Deaeve,
1484 3243 1843 3321 oppidorum
1876 3242 2142 3312 Patroni,

346 3341 655 3401 ordinibus
685 3340 1093 3399 exultantium
1125 3343 1563 3411 adscribantur3
1607 3343 1733 3401 sive
1757 3342 1947 3401 oculis
1978 3343 2141 3402 cerni

347 3441 665 3500 videantur
694 3440 967 3517 regiones
998 3441 1162 3519 ipsae,
1196 3448 1421 3517 portus,
1454 3441 1656 3510 urbes,
1683 3440 1949 3499 flumina.
