2288 4036
273 292 431 326 PRAEL.
451 292 531 325 xi„
591 273 780 326 Poesin
805 270 1161 341 quodammodo
1187 287 1299 321 cum
1323 268 1585 338 Reliyione
1609 268 1801 320 sentire.
1920 269 2028 321 807

269 434 405 490 quae
450 416 523 473 ad
566 415 997 472 humanitatem
1046 413 1362 489 pertinent.
1453 411 1547 468 Ex
1592 431 1708 486 quo
1754 410 2024 479 efficitur,

270 509 605 585 complures
650 529 794 577 esse,
827 510 926 584 qui
972 529 1034 566 se
1078 509 1380 566 delectent
1425 508 1618 583 specie
1650 507 1902 582 quadam
1942 508 2029 562 in-

272 606 370 662 ani
417 605 737 680 voluptatis
789 604 1193 681 agricolarum,
1247 606 1430 661 immo
1480 623 1616 661 cum
1662 603 1851 660 Poeta
1903 621 2031 677 pas-

275 701 460 757 torale
501 701 718 775 aliquid
758 709 1007 757 canente
1051 701 1288 776 penitus
1329 720 1390 758 se
1430 702 1648 758 sentire
1687 700 1931 775 fingant,
1962 718 2029 755 ac

276 798 567 853 teneriore
612 816 737 854 esse
781 798 994 863 animo,
1040 797 1273 871 quoties
1320 806 1529 873 agatur
1575 798 1697 853 sive
1742 796 1815 853 de
1860 797 2029 852 mira-

273 893 423 950 culis
467 894 689 960 mundi,
723 895 843 950 sive
883 895 956 950 de
1002 895 1148 950 ruris
1193 914 1260 951 ac
1304 894 1556 952 Naturae
1592 893 1848 950 deliciis:
1895 912 2029 950 cum

276 1008 338 1044 re
369 995 569 1045 tamen
599 1008 668 1045 ac
701 988 948 1044 veritate
981 988 1284 1044 discedant
1328 989 1524 1063 potius
1564 988 1624 1043 in
1666 987 1862 1043 omnia
1901 985 2030 1042 alia.

274 1085 792 1153 Quemadmodum
825 1086 1013 1141 ferme
1053 1085 1177 1140 fieri
1213 1085 1479 1142 videmus
1523 1086 1583 1141 in
1625 1104 1686 1141 re
1725 1085 1921 1140 divina
1965 1102 2032 1139 ac

274 1190 660 1238 sacrosancta.
753 1181 1071 1256 Postquam
1124 1180 1306 1238 semel
1351 1170 1611 1256 opiniOni
1657 1180 1832 1237 alicui
1873 1179 2035 1236 affla-

277 1280 426 1335 verit
457 1299 597 1335 aura
627 1278 901 1353 quaedam
932 1277 1227 1352 popularis
1262 1279 1487 1353 gratiae,
1519 1278 1801 1334 accedere
1830 1278 2033 1334 statim

243 1371 245 1373 ’
275 1376 640 1431 imitatorum
673 1374 900 1449 vulgus,
930 1383 1168 1429 cantare
1200 1375 1447 1447 quisque
1479 1373 1836 1430 cantilenam
1868 1392 2034 1430 suam

271 1473 564 1548 frigidam,
603 1490 720 1527 non
766 1490 839 1527 ex
887 1471 1101 1536 animo,
1147 1471 1247 1527 sed
1295 1489 1371 1527 ex
1417 1471 1612 1527 edicto
1659 1478 1720 1526 et
1765 1469 2033 1528 formula.

277 1568 452 1636 Quod
497 1568 544 1624 si
588 1569 834 1624 istorum
881 1566 1176 1623 tumultus
1221 1567 1465 1623 minime
1511 1567 1710 1623 ferunt
1757 1567 1865 1642 piae
1907 1587 2038 1644 gra-

277 1683 494 1739 vesque
544 1663 769 1730 animae,
815 1662 1203 1738 intelligimus
1247 1664 1430 1719 etiam
1477 1663 1537 1719 in
1580 1663 1770 1732 Poesi,
1815 1678 2037 1738 quanto

272 1762 352 1818 sit
396 1760 656 1836 periculo
702 1759 795 1816 vel
841 1760 1130 1834 optimum
1184 1779 1389 1835 geHUS,
1436 1761 1536 1816 ubi
1578 1761 1706 1835 jam
1750 1760 2038 1836 placuerit

273 1859 464 1915 turbae
492 1877 560 1914 ac
592 1858 768 1933 vulgo
799 1856 1102 1912 hominum
1129 1875 1144 1924 3
1184 1865 1521 1931 quantaque
1551 1857 1678 1915 laus
1710 1857 1794 1914 illi
1825 1858 2038 1916 debea-

276 1964 389 2020 tur,
447 1953 548 2028 qui
606 1972 757 2009 unus
816 1953 1082 2008 omnium
1141 1953 1419 2020 maxime,
1473 1953 1749 2028 exemplo
1808 1974 1914 2011 suo
1976 1962 2038 2011 et

274 2051 600 2107 carminum
625 2067 862 2106 suorum
895 2056 1118 2115 tenore,
1145 2049 1464 2124 perniciem
1496 2048 1658 2108 illam
1689 2057 2037 2127 pestemque

276 2145 652 2222 mitigaverit.

362 2340 462 2398 Ne
505 2349 708 2398 autem
753 2342 813 2397 in
858 2340 982 2398 solo
1022 2361 1457 2399 commoremur
1488 2342 1765 2418 Virgilio,
1799 2345 1900 2400 sed
1938 2364 2041 2419 po-

272 2438 395 2493 tius
424 2455 550 2493 rem
582 2455 820 2493 omnem
863 2456 899 2493 a
941 2438 1144 2512 primis
1188 2445 1526 2513 repetamus
1569 2439 1788 2507 initiis;
1834 2440 2038 2514 quidni

272 2536 353 2591 sit
383 2533 680 2601 credibile,
706 2534 920 2590 Poesin
948 2535 1284 2590 universam
1314 2554 1349 2590 a
1382 2534 1456 2590 D.
1475 2534 1550 2592 O.
1580 2533 1671 2591 Μ.
1705 2536 1848 2603 dari,
1873 2536 2040 2594 velut

275 2631 612 2688 rudimenta
640 2631 926 2705 quaedam,
960 2637 1022 2686 et
1065 2630 1368 2705 praeludia,
1413 2639 1483 2688 ut
1526 2632 1611 2688 ita
1661 2633 1874 2701 dicam,
1911 2653 2043 2710 ger-

272 2747 468 2786 manae
505 2727 784 2802 pietatis?
832 2747 967 2783 cum
998 2728 1214 2802 partim
1247 2729 1499 2785 doceant
1543 2728 1895 2805 plerumque
1940 2750 2042 2787 an-

276 2823 438 2879 nales
468 2829 754 2889 veterum,
787 2842 915 2878 raro
951 2824 1013 2878 in
1054 2821 1265 2879 melius
1308 2829 1604 2879 mutatam
1635 2822 1814 2880 fuisse
1844 2843 2040 2880 rerum

272 2917 606 2974 divinarum
654 2918 961 2985 rationem,
1006 2918 1066 2973 ni
1113 2918 1501 2992 praecessisset
1549 2917 1759 2974 melior
1802 2919 2039 2993 quidam

272 3019 338 3068 et
382 3014 637 3070 sanctior
670 3013 988 3070 Poetarum
1029 3013 1206 3081 ord03
1255 3014 1469 3088 partim
1500 3013 1559 3067 vi
1596 3030 1701 3070 sua
1736 3020 1798 3069 et
1843 3014 2041 3071 indole

277 3127 413 3165 vera
457 3109 690 3186 Religio
735 3110 1067 3166 mirandum
1112 3110 1174 3165 in
1217 3111 1463 3167 modum
1503 3128 1637 3166 cum
1683 3129 1820 3167 vera
1866 3110 2039 3168 Poesi

273 3208 609 3265 conveniat.

362 3300 658 3377 Principio
697 3302 781 3374 (id
812 3303 972 3377 quod
1013 3304 1097 3360 ita
1142 3303 1319 3377 quaeri
1368 3303 1560 3369 velim,
1601 3311 1668 3360 ut
1706 3304 1766 3360 in
1810 3323 1870 3360 re
1916 3324 2040 3360 om-

275 3399 440 3453 nium
488 3397 938 3474 religiosissima,
985 3418 1120 3454 cum
1169 3418 1417 3465 summO,
1463 3399 1687 3474 pudore
1724 3419 1791 3456 ac
1828 3402 2038 3474 metu),

275 3494 415 3568 quid
475 3495 521 3550 si
576 3494 793 3552 Divino
846 3494 1088 3551 consilio
1141 3496 1319 3552 fuerit
1366 3494 1759 3553 Hebraearum
1805 3516 2037 3571 quoque

277 3590 577 3647 literarum
616 3592 664 3648 is
701 3592 885 3648 ferme
927 3611 1128 3648 cursus
1173 3611 1240 3648 ac
1286 3601 1471 3659 tenor,
1515 3602 1581 3649 ut
1628 3593 1801 3668 longa
1835 3602 2036 3650 vatum
