2288 4036
200 143 234 196 7
236 140 308 195 60
323 143 606 214 Viryilz‘um
631 142 1029 197 morteLucretii
1039 145 1213 214 fuisse
1239 152 1550 198 commotum.
1572 164 1732 200 PRAEL.
1757 166 1990 201 xxxvm.

200 291 542 349 discrimine
615 299 926 368 separetur
986 291 1281 370 Virgilius
1354 312 1390 350 a
1451 292 1754 351 Lucretio.
1875 294 1990 352 Cui

199 391 512 466 quaestioni
568 391 712 448 licet
761 410 838 448 ex
891 390 1092 467 aliqua
1148 398 1320 468 parte
1380 392 1523 449 satis
1571 392 1702 468 jam
1756 392 1860 449 diu
1911 392 1990 450 sit

197 491 446 561 factum,
478 492 673 550 habeo
719 500 924 550 tamen
970 491 1276 561 nonnulla,
1321 512 1452 570 quae
1496 492 1746 551 fortasse
1791 512 1990 570 operae

197 592 460 666 pretium
491 592 605 649 erit
643 591 882 649 dixisse.

283 688 380 746 Ac
425 690 686 766 primum
733 688 884 747 illud
931 709 1050 746 non
1098 690 1547 759 omittendum3
1592 709 1670 747 ne
1701 690 1992 767 temporis

197 787 442 864 quidem
496 795 560 845 et
611 788 728 846 loci
788 788 1022 846 ratione
1074 786 1251 845 facile
1309 788 1439 845 fieri
1501 788 1786 865 potuisse,
1848 788 1993 864 quin

195 885 459 943 multum
485 887 561 944 de
588 886 874 944 Lucretio
905 886 1264 964 cogitaverit
1284 885 1598 964 Virgilius,
1624 887 1994 961 senseritque

195 1004 480 1043 arcanum
511 985 662 1043 illud
705 986 873 1062 quasi
906 984 1235 1054 vinculum,
1267 1005 1386 1062 quo
1417 987 1576 1044 inter
1606 1006 1670 1044 se
1700 984 1994 1043 contineri

195 1083 393 1142 solent
451 1086 654 1164 magni
716 1085 779 1142 in
839 1084 1056 1142 eodem
1122 1104 1310 1162 prope
1367 1104 1591 1163 genere
1658 1084 1992 1160 scriptores.

196 1180 488 1241 Evenisse
547 1182 710 1240 enim
771 1181 1031 1260 legimus
1046 1191 1087 1251 ἃ,
1150 1188 1221 1239 ut
1281 1202 1401 1258 quo
1461 1202 1618 1240 anno
1674 1181 1995 1239 Lucretius

194 1278 479 1348 Athenis,
510 1281 601 1339 uti
635 1280 958 1340 verisimile
1004 1288 1113 1350 est,
1146 1288 1408 1338 mortem
1446 1281 1679 1350 obierit,
1723 1300 1795 1339 eo
1835 1298 1995 1339 anno

195 1378 492 1458 Virgilius
524 1379 838 1439 Cremonae
879 1381 1202 1457 sumpserit
1246 1379 1482 1438 virilem
1521 1387 1747 1458 togam,
1777 1379 1995 1437 deinde

195 1477 455 1536 Romam
487 1480 838 1555 perrexerit.
923 1478 1075 1548 Quis
1106 1485 1311 1536 autem
1353 1478 1611 1546 dubitet,
1645 1476 1993 1555 Virgilium,

193 1576 381 1634 talem
400 1578 714 1654 juvenem,
745 1577 1095 1656 gravissime
1127 1586 1503 1636 commotum
1536 1577 1664 1634 fore
1706 1576 1767 1633 in
1797 1582 1996 1634 morte

195 1675 483 1745 Lucretii,
516 1676 913 1735 laudatissimi
949 1676 1080 1753 jam
1115 1675 1357 1735 Poetae:
1407 1677 1632 1734 nedum
1669 1695 1742 1734 ea
1779 1683 1994 1745 morte,

192 1794 373 1851 quam
423 1777 551 1852 ipse
604 1775 736 1844 sibi,
782 1776 830 1833 si
877 1794 1018 1833 vera
1065 1783 1158 1833 est
1210 1776 1386 1844 fama,
1433 1774 1834 1833 consciverit?
1895 1773 1994 1832 Ex

191 1875 408 1932 intimo
441 1882 607 1933 certe
638 1874 860 1932 affectu
902 1875 1105 1943 animi,
1139 1875 1336 1951 siquid
1367 1873 1530 1932 aliud
1563 1873 1992 1952 Virgilianum,

191 1992 436 2031 manare
479 1975 720 2032 videtur
758 1973 960 2033 flebile
1000 1974 1152 2033 illud
1198 1993 1457 2042 carmen,
1491 1974 1566 2031 de
1611 1973 1994 2032 moestissima

189 2071 434 2131 illorum
466 2081 627 2132 sorte
640 2071 684 2142 b,

879 2176 958 2235 qui
980 2174 1067 2220 sibi
1086 2175 1265 2220 lethum

435 2247 647 2293 Insontes
669 2263 880 2306 peperere
901 2263 1058 2299 manu,
1080 2248 1322 2307 lucemque
1343 2248 1494 2305 perosi

434 2320 666 2380 Projecere
688 2322 877 2366 animas.
945 2320 1100 2370 Quam
1119 2322 1287 2366 vellent
1308 2322 1475 2366 aethere
1495 2322 1544 2366 in
1566 2322 1658 2365 alto

434 2391 480 2436 N
483 2407 575 2437 unc
596 2400 640 2437 et
661 2393 924 2451 pauperiem
945 2400 989 2437 et
1011 2392 1152 2438 duros
1174 2393 1371 2452 perferre
1393 2393 1598 2438 labores!

192 2503 532 2563 Credideris
569 2505 775 2574 ferme,
809 2506 1016 2563 dedita
1061 2525 1244 2583 opera
1287 2525 1502 2564 canere
1535 2505 1791 2564 Poetam
1828 2507 1988 2582 quod

191 2605 417 2664 auxilio
462 2606 540 2664 sit
585 2606 870 2665 adversus
913 2605 1171 2664 molesta
1215 2605 1319 2664 illa
1364 2606 1722 2676 Democriti,
1775 2626 1989 2664 necem

191 2704 302 2763 sibi
335 2705 778 2773 consciscentiS,
810 2705 1107 2781 praeconia
1124 2712 1166 2762 ⁰.

677 2827 927 2887 Postquam
948 2835 1128 2874 matura
1148 2836 1350 2874 vetustas

432 2901 689 2947 Admonuit
709 2917 961 2947 memorem
981 2911 1136 2948 motus
1156 2905 1449 2962 languescere
1470 2903 1651 2956 mentis,

434 2974 607 3034 Sponte
629 2991 713 3021 sua
732 2975 857 3020 letho
879 2984 1016 3035 caput
1037 2978 1201 3023 obvius
1223 2977 1390 3023 obtulit
1410 2978 1523 3036 ipse.

194 3094 443 3152 Poterat
475 3096 658 3154 etiam
691 3098 893 3155 animo
925 3098 1053 3174 ejus
1084 3097 1386 3155 obversari
1427 3103 1636 3174 aperta
1667 3103 1729 3154 et
1762 3096 1990 3154 directa

193 3192 549 3251 voluntariae
579 3197 792 3254 mortis
823 3192 1327 3254 commendatiod.

617 3324 666 3369 Si
687 3334 816 3385 grata
837 3326 923 3371 fuit
943 3327 1027 3372 tibi
1048 3327 1141 3372 vita
1163 3334 1383 3380 anteacta,
1406 3327 1634 3387 priorque,

251 3509 274 3532 ἢ
307 3502 478 3547 Donat.
508 3503 598 3547 Vit.
627 3503 751 3561 Viry.
776 3503 867 3548 vid.
894 3505 1015 3548 Fast.
1042 3505 1213 3549 Hellen.
1240 3519 1281 3549 2.
1311 3519 1411 3563 193.
1616 3503 1640 3534 b
1673 3505 1786 3549 AEn.
1811 3504 1853 3550 6.
1879 3520 1984 3563 434.

191 3583 211 3605 ‘²
244 3575 378 3621 Lucr.
403 3590 446 3634 3.
476 3587 606 3631 1052.
791 3576 815 3607 d
847 3592 889 3635 3.
914 3578 1017 3633 048.
