2288 4036
228 283 565 317 PRAEL.XXX11.
593 265 818 316 Manum
842 264 903 315 de
926 262 1100 315 tabula
1112 263 1397 332 prudenter
1414 278 1527 314 eam
1553 264 1827 315 removisse.
1869 262 1971 316 661

310 409 483 477 Quod
524 409 567 465 si
609 408 703 465 cui
746 408 976 484 longius
1015 407 1145 464 haec
1189 426 1316 464 esse
1359 407 1613 482 repetita
1648 408 1975 473 videantur,

227 508 287 562 in
330 524 401 562 ea
442 512 643 561 tamen
688 504 861 561 laude
905 506 1342 562 consentientes
1385 504 1615 561 habe-bo
1657 523 1877 569 omneS,
1909 512 1977 561 ut

227 600 548 675 praedicent
595 599 940 656 Lucretium
984 599 1131 655 nulli
1176 600 1519 667 secundum,
1553 599 1647 656 vel
1691 600 1978 657 facilitate

228 715 341 770 qua
376 697 536 771 viget
579 697 768 763 unica,
809 695 1165 771 depingendi
1207 714 1374 752 versu
1417 697 1614 752 omnia
1648 714 1778 770 quae
1816 695 1977 763 velit,

230 791 320 848 vel
351 792 486 866 quia
530 811 700 866 parce
743 791 890 848 adeo
927 802 994 849 ac
1039 793 1305 849 modeste
1341 805 1403 850 se
1445 792 1599 868 gerit
1640 791 1703 848 in
1733 810 1802 848 ea
1845 811 1976 867 pro-

229 889 432 944 vincia.
522 887 683 944 Nam
728 896 789 945 et
832 908 1019 964 pauca
1062 889 1135 944 de
1177 887 1382 945 multis
1425 888 1608 965 eligit,
1641 895 1702 945 et
1732 908 1818 954 ea,
1850 907 1980 963 quae

228 1003 422 1040 coram
473 985 673 1040 statim
733 986 1037 1043 intueatur
1086 985 1337 1060 simplex
1390 992 1452 1042 et
1505 981 1685 1042 virilis
1736 984 1980 1041 indoles.

230 1079 293 1136 N
296 1099 371 1136 on
415 1098 547 1136 suas
593 1089 853 1138 sectatur
895 1082 1167 1139 delicias:
1231 1086 1482 1149 veretur,
1527 1084 1573 1138 si
1626 1083 1713 1139 fas
1760 1090 1850 1138 est
1899 1081 1985 1137 di-

228 1193 375 1239 cere,
411 1174 657 1230 Naturae
700 1177 1094 1250 majestatem.
1184 1176 1396 1251 Itaque
1438 1178 1667 1234 duobus
1708 1178 1983 1234 maximis

228 1271 383 1337 viris,
441 1272 677 1346 utrique
740 1273 801 1328 in
860 1291 965 1329 suo
1023 1291 1259 1348 genere,
1318 1273 1576 1348 palmam
1643 1276 1981 1350 praeripuit:

229 1369 328 1442 qui
358 1374 420 1423 et
451 1367 772 1443 Virgilium
808 1369 1062 1438 delectU,
1103 1378 1164 1426 et
1208 1370 1492 1427 facilitate
1537 1371 1982 1446 aequiparaverit

229 1462 526 1521 Ovidium.

313 1560 487 1628 Quod
533 1568 812 1636 superest,
851 1563 1127 1636 quoniam
1173 1580 1365 1639 neque
1408 1584 1597 1639 pauca
1640 1571 1798 1631 sunt,
1831 1562 1987 1621 Aca-

230 1657 458 1723 demici,
500 1675 708 1731 neque,
745 1664 813 1712 ut
858 1656 1003 1712 mihi
1049 1658 1289 1732 quidem
1335 1657 1589 1723 videtur,
1635 1657 1803 1725 levia,
1849 1678 1985 1732 quae

231 1752 345 1809 dici
396 1761 682 1827 praeterea
732 1754 805 1809 de
861 1753 1141 1810 Lucretio
1189 1753 1368 1809 velim
1393 1773 1408 1821 3
1471 1754 1648 1811 liceat
1700 1754 1986 1811 hodierno

231 1850 483 1905 sermoni
514 1848 679 1905 velut
717 1848 1040 1906 clausulam
1069 1849 1302 1917 addere,
1335 1870 1468 1925 quae
1508 1849 1691 1906 habet
1726 1849 1827 1906 ille
1858 1868 1988 1906 sua-

231 1945 465 2002 vissima
494 1953 622 2001 tum
655 1946 729 2001 de
759 1946 882 2002 vita
911 1947 1145 2021 agresti,
1170 1953 1300 2002 tum
1331 1947 1404 2002 de
1434 1946 1753 2003 immatura
1782 1946 1990 2021 patris-

231 2042 469 2100 familiae
498 2049 708 2109 morte,
731 2043 831 2116 qui
862 2041 1014 2098 alter
1042 2042 1227 2098 ferme
1260 2049 1350 2098 est
1376 2041 1695 2098 Poetarum
1727 2053 1987 2116 campus

233 2139 378 2207 Quae
423 2140 653 2214 quoties
699 2138 953 2214 perlego,
1001 2138 1159 2195 soleo
1204 2139 1480 2212 equidem
1531 2139 1728 2194 mirari
1775 2139 1991 2194 acutis-

233 2236 441 2291 simam
469 2233 722 2290 hominis
757 2232 1150 2307 prudentiam,
1180 2252 1424 2290 manum
1462 2235 1536 2290 de
1576 2233 1798 2300 tabula,
1830 2234 1987 2307 quod

233 2332 414 2397 aiunt,
475 2331 601 2404 ipso
658 2337 925 2403 tempore
983 2331 1409 2386 summoventis
1436 2347 1451 2397 3
1526 2348 1729 2386 verum
1799 2329 1991 2385 multo

233 2427 422 2483 acrius
460 2445 557 2481 me
599 2425 865 2500 percellit
894 2426 1186 2501 ingenuus
1215 2426 1316 2482 ille
1347 2444 1527 2484 merae
1562 2425 1835 2492 Naturae,
1865 2426 1991 2482 sine

235 2522 369 2578 fuco
399 2529 461 2578 et
491 2521 750 2588 fallaciiS,
782 2541 961 2578 amor.
1050 2521 1278 2578 Audite
1309 2542 1447 2578 vero
1467 2531 1528 2578 P:

471 2651 519 2694 Si
539 2665 631 2693 non
651 2665 784 2693 aurea
805 2657 911 2693 sunt
925 2650 1145 2707 juvenum
1167 2650 1402 2693 simulacra
1423 2665 1501 2706 per
1520 2649 1638 2694 aedes

471 2721 718 2779 Lampadas
739 2723 947 2779 igniferas
968 2722 1175 2765 manibus
1197 2722 1431 2765 retinentia
1452 2722 1631 2774 dextris,

471 2794 663 2837 Lumina
682 2794 912 2837 nocturnis
934 2794 1074 2850 epulis
1096 2801 1147 2837 ut
1169 2794 1519 2850 suppeditentur,

472 2866 567 2910 Nec
589 2866 749 2910 domus
771 2872 954 2924 argento
976 2866 1130 2923 fulget,
1153 2880 1348 2924 auroque
1369 2865 1557 2915 renidet,

471 2939 516 2981 N
518 2953 567 2982 ec
588 2938 765 2982 citharis
786 2938 971 2982 reboant
990 2939 1191 2995 laqueata
1211 2944 1449 2996 aurataque
1469 2939 1658 2994 templa3

471 3011 532 3054 At
551 3017 700 3054 tamen
719 3011 834 3053 inter
855 3025 902 3052 se
922 3010 1129 3067 prostrati
1149 3010 1195 3052 in
1216 3010 1416 3066 gramine
1437 3011 1561 3054 molli

473 3082 658 3138 Propter
678 3097 804 3140 aquae
824 3082 986 3133 rivum,
1010 3081 1095 3125 sub
1117 3082 1250 3125 ramis
1272 3082 1440 3126 arboris
1461 3083 1575 3133 altae,

474 3153 580 3196 Non
600 3154 775 3210 magnis
797 3153 957 3210 opibus
973 3153 1174 3210 jucunde
1195 3168 1379 3210 corpora
1400 3161 1572 3205 curant,

473 3225 724 3268 Praesertim
746 3240 849 3269 cum
870 3232 1107 3281 tempestas
1128 3224 1304 3277 arridet,
1327 3232 1370 3268 et
1390 3226 1495 3269 anni

473 3297 692 3354 Tempora
712 3304 1014 3354 conspergunt
1035 3296 1273 3341 viridantes
1294 3297 1477 3341 floribus
1498 3297 1674 3340 herbas.

328 3411 654 3479 PostremO,
679 3413 938 3468 omnium
974 3412 1159 3467 ferme
1183 3431 1311 3486 quae
1341 3431 1599 3486 unquam
1631 3412 1994 3468 exstiterunt

946 3599 969 3628 Ρ
1003 3591 1133 3635 Lucr.
1160 3606 1198 3634 2.
1225 3606 1294 3646 24.
