2288 4036
130 315 283 350 PRAEL.
305 311 450 346 xxx1.
501 340 503 342 .
564 293 655 343 Em
680 292 849 343 animo
875 308 987 343 eum
1013 292 1202 344 rustica
1228 292 1475 343 cecinisse.
1769 293 1875 350 637

129 459 244 497 non
295 436 477 495 semel
526 437 679 512 apud
725 435 1123 503 Theocritum,
1168 436 1226 491 id
1277 437 1433 510 quod
1485 436 1702 492 indicio
1754 437 1876 512 ple-

129 552 373 608 rumque
404 540 494 590 est
536 533 798 608 germani
831 533 1044 589 amoris
1087 540 1147 589 et
1191 534 1435 590 minime
1465 535 1875 601 commentitii,

129 631 326 688 dedita
369 647 545 703 opera
589 628 826 704 depingi
871 647 962 685 res
1007 630 1252 686 rusticas
1296 636 1358 685 et
1397 637 1674 705 agrestes,
1717 630 1880 687 nulla

128 745 358 804 prorsus
388 726 576 800 operis
616 725 872 799 suscepti
917 726 1285 783 necessitate.
1377 725 1683 803 Faginum,
1716 728 1879 784 verbi

127 841 313 889 causa,
357 820 637 896 poculum
683 819 960 877 describit
997 820 1294 878 Theocriti
1333 821 1542 879 Pastor
1585 825 1645 879 in
1689 825 1878 899 primo

128 918 371 995 Idyllio;
417 917 695 974 describit
733 917 942 973 itidem
975 916 1339 994 Virgilianus
1379 920 1575 976 nescio
1606 921 1772 995 quis:
1817 926 1878 977 at

126 1014 320 1071 videte
351 1013 489 1088 quid
521 1013 770 1069 intersit.
838 1011 958 1069 Hic
989 1013 1299 1071 simulacra
1329 1015 1601 1088 quaedam
1631 1016 1875 1082 inducit,

123 1110 365 1186 pulchra
394 1109 495 1166 illa
517 1109 775 1184 quidem,
804 1118 866 1165 et
894 1110 1104 1183 quibus
1134 1111 1399 1185 impense
1429 1111 1878 1169 delectabantur

125 1206 313 1264 Graeci
351 1206 618 1271 artifices,
651 1205 752 1261 sed
797 1224 832 1261 a
875 1212 1178 1280 pastorum
1207 1213 1410 1263 tamen
1451 1209 1659 1265 studiis
1687 1227 1878 1265 remo-

128 1304 293 1360 tiora.

358 1381 412 1425 In
433 1381 578 1425 medio
601 1380 690 1424 duo
714 1381 855 1438 signa,
881 1380 1040 1425 Conon
1057 1399 1070 1432 3
1103 1388 1146 1425 et
1167 1382 1266 1439 quis
1287 1382 1372 1425 fuit
1392 1383 1513 1435 alter,

357 1453 603 1510 Descripsit
623 1452 748 1496 radio
768 1459 914 1496 totum
937 1453 1014 1511 qui
1034 1453 1243 1510 gentibus
1265 1454 1449 1498 orbem?

125 1554 356 1611 Deinde
387 1555 461 1610 de
491 1553 677 1611 altero
709 1553 925 1610 dicitur
952 1554 1182 1629 pocu10,

356 1668 622 1728 Orpheaque
641 1669 689 1712 in
710 1669 858 1713 medio
879 1670 1043 1727 posuit,
1066 1671 1301 1728 sylvasque
1323 1680 1571 1729 sequentes.

120 1771 353 1839 Contra,
385 1790 513 1846 quae
544 1771 824 1828 caelantur
853 1772 914 1828 in
944 1778 1168 1828 cratere
1200 1771 1506 1829 Theocriti
1546 1774 1874 1850 simplicem

119 1876 181 1925 et
212 1876 503 1945 agrestem
532 1869 714 1925 vitam
753 1869 993 1924 omnino
1024 1868 1258 1943 sapiunt
1278 1877 1332 1925 c:

220 2003 224 2007 '
292 1991 443 2035 τοῖσδε
462 1990 569 2047 μέτα
588 1989 766 2048 γριπεῦς
786 2009 833 2034 τε
852 1990 992 2048 γέρων
1010 1991 1147 2048 πετρά
1167 2009 1214 2034 τε
1235 1989 1429 2034 τέτυκται

290 2062 468 2118 λεπρὰς,
486 2060 556 2119 ἐφ’
577 2058 607 2118 ᾇ
629 2060 826 2106 σπεύδων
846 2062 957 2119 μεγὰ
977 2062 1147 2105 δίκτυον
1168 2061 1211 2108 ἐς
1229 2063 1368 2114 βόλον
1389 2061 1506 2106 ἕλκει

291 2135 318 2176 ὁ
337 2133 548 2192 πρέσβυς,
571 2134 769 2190 κάμνοντι
790 2135 839 2178 τὸ
862 2135 1066 2191 κάρτερον
1085 2134 1207 2192 ἀνδρὶ
1229 2134 1387 2179 ἐοικώς·

292 2206 425 2263 φαίης
445 2224 515 2249 κεν
533 2206 666 2264 γυίων
687 2224 750 2250 νιν
770 2205 879 2250 ὅσον
899 2206 1054 2251 σθένος
1076 2205 1357 2250 ε’λλοπιεὺειν·

291 2278 376 2322 ὧδέ
395 2279 434 2321 οἱ
454 2277 664 2337 ᾧδήκαντι
686 2277 774 2322 κατ’
797 2281 956 2335 αὕχενα
975 2279 1187 2323 παντόθεν
1209 2276 1306 2330 ἶνες,

292 2351 360 2393 καὶ
380 2350 519 2410 πολίῳ
539 2368 621 2407 περ
644 2350 769 2394 ἐόντι·
803 2351 852 2394 τὸ
875 2351 922 2394 δὲ
944 2350 1099 2396 σθένος
1119 2351 1240 2405 ἄξιον
1261 2350 1383 2404 ἅβας·

289 2422 445 2466 τυτθὸν
465 2421 501 2466 δ’
525 2422 666 2467 ὅσσον
684 2421 853 2467 ἄπωθεν
873 2422 1118 2479 ἆλιτρῦτοιο
1139 2422 1343 2481 γέροντος

290 2494 513 2550 πυρναίαις
533 2496 808 2553 σταφυλαῖσι
829 2496 960 2539 καλὸν
980 2495 1185 2552 βέβριθεν
1204 2495 1337 2538 ἀλωά·

289 2567 369 2610 τὰν
389 2567 537 2625 ὀλίγος
558 2585 622 2613 τις
642 2572 777 2626 ’(ὣρος
798 2566 868 2625 ἐφ’
891 2568 1138 2624 αἱμασίαισι
1159 2569 1388 2625 φυλάσσει

290 2639 455 2695 ἥμενος·
487 2639 601 2697 ἀμφὶ
623 2639 670 2683 δὲ
690 2640 763 2696 μὶν
784 2638 846 2683 δυ’
868 2640 1098 2686 ἀλώπεκες·
1132 2639 1159 2682 ἆ
1179 2640 1256 2696 μὲν
1275 2638 1337 2683 ἀν’
1361 2638 1500 2698 ὅρχως

292 2712 442 2768 φοιτῇ,
465 2710 668 2767 σινομένα
688 2712 765 2756 τὰν
785 2712 1010 2768 τρὼξιμον’
1044 2711 1071 2755 ἆ
1092 2711 1146 2764 δ’,
1168 2712 1238 2756 ε’πὶ
1261 2711 1402 2769 πήραν

289 2782 429 2826 πάντα
450 2783 580 2826 δόλον
600 2783 821 2841 τεύχοισα,
843 2784 892 2827 τὸ
913 2783 1084 2827 παίδων
1105 2784 1154 2827 οὐ
1174 2784 1276 2841 πρὶν
1296 2782 1470 2839 ἀνήσειν

292 2852 412 2911 φατὶ,
434 2855 536 2911 πρὶν
555 2854 580 2910 ἢ
602 2855 860 2912 ἀκράτιστον
881 2855 951 2899 ἐπὶ
973 2856 1147 2913 ξηροῖσι
1169 2856 1334 2911 καθίξῃ·
1482 2848 1486 2851 ’

291 2923 424 2983 αὗταρ
446 2925 510 2984 ὅγ’
533 2926 808 2983 ἀνθερίκεσσι
829 2929 963 2971 καλαν
981 2927 1130 2971 πλέκει
1151 2926 1449 2984 ἀκριδοθήραν,

291 2997 455 3056 σχοίνῳ
476 2999 780 3057 ἐφαρμόσδων·
813 2998 993 3055 μέλεται
1015 2998 1064 3042 δέ
1083 3000 1122 3042 οἱ
1143 3001 1241 3042 οὔτε
1260 3017 1302 3042 τι
1322 2997 1459 3056 πήρας

289 3071 392 3112 >οὔτε
412 3072 562 3127 φυτῶν
581 3073 813 3127 τοσσῆνον,
835 3070 943 3115 ὅσον
962 3071 1061 3129 περὶ
1081 3070 1297 3129 πλέγματι
1317 3070 1455 3129 γαθεῖ.

117 3165 220 3225 Sic
268 3179 516 3244 pascunt
566 3173 797 3247 pictura
846 3173 1126 3240 animum,
1174 3172 1389 3248 quibus
1431 3172 1727 3248 agendum
1779 3178 1870 3229 est

119 3265 320 3338 procul
348 3286 384 3323 a
418 3287 552 3324 rure
582 3276 797 3326 amato,

203 3361 378 3431 Quid,
409 3384 538 3440 quae
566 3365 910 3423 mollissima
939 3365 1120 3422 habet
1148 3366 1324 3433 idem,
1355 3372 1484 3422 tum
1517 3367 1590 3422 de
1622 3364 1871 3423 Galatea

119 3455 361 3516 ludente
393 3461 453 3517 in
483 3461 768 3530 litoribus,
789 3469 918 3519 tum
944 3462 1017 3518 de
1041 3461 1388 3539 Polyphemi
1421 3462 1606 3520 cane?
1651 3462 1870 3521 Nonne

720 3624 741 3646 ⁰
761 3616 949 3660 Theocr.
973 3616 1102 3672 Idyll.
1132 3630 1168 3659 1.
1192 3630 1264 3673 39.
