2288 4036
140 254 459 288 PRAEL.XX1V.
597 235 785 286 novisse
808 235 1051 286 victorum
1075 231 1456 284 solicitudinem.
1785 231 1889 281 485

224 377 383 445 Quid
423 382 628 432 contra
667 375 852 431 victor
895 372 1205 449 egregius?
1250 390 1392 428 num
1433 375 1594 427 caret
1637 370 1686 426 is
1729 371 1891 425 omni

138 472 554 530 solicitudine?
598 489 741 527 num
785 476 950 526 totus
993 470 1055 525 in
1100 467 1324 525 deliciis
1365 471 1648 533 versatur,
1685 464 1890 541 gloriae

139 569 416 625 securus?
490 567 683 624 Immo
729 585 866 622 vero
910 566 1091 622 habet
1135 565 1244 622 sibi
1282 581 1502 630 curam,
1546 569 1607 618 et
1654 561 1891 618 anxiam

138 666 412 739 quidem3
458 665 568 721 etsi
614 664 991 738 conjunctam
1033 681 1169 718 cum
1215 678 1445 717 summa
1474 658 1732 715 victoriae
1764 655 1893 712 dul-

138 761 365 818 cedine.
453 758 683 817 Audite
714 778 884 815 vero:

491 874 515 915 ὁ
537 872 583 915 δέ
605 873 737 915 καλόν
757 889 797 915 τι
818 870 913 914 νεὸν
932 871 1096 926 λαχὼν,

488 943 732 1001 ἁβρότατος
753 943 837 994 ἔπι,
860 942 1053 1000 μεγάλας

492 1015 541 1071 ἐξ
563 1014 740 1059 ἐλπίδος
758 1031 936 1058 πεταται

492 1086 749 1143 ὑποπτέροις
768 1085 976 1143 ἀνορέαις,
999 1085 1023 1128 ἔ
1027 1104 1058 1142 χ
1067 1102 1099 1127 ω
1108 1103 1131 1128 ν

495 1160 763 1215 κρεσσόνα
791 1156 1023 1201 πλούτου
1053 1155 1316 1213 μέριμναν.

141 1258 359 1334 Neque
408 1258 568 1315 aliud
619 1259 804 1315 ferme
857 1265 1068 1315 sonant
1111 1277 1182 1314 ea
1225 1277 1360 1332 quae
1404 1263 1747 1332 sequuntur,
1794 1255 1897 1312 ob-

137 1354 361 1412 scurius
391 1354 532 1410 licet
559 1355 719 1410 dicta
749 1353 921 1410 81111(1.

432 1459 596 1518 ἑτέροις
615 1459 772 1517 ἑτέρων
792 1461 899 1517 ἔρως
918 1459 1121 1504 ὑπέκνισε
1142 1459 1318 1517 φρενάς·
1351 1462 1436 1502 τῶν
1456 1456 1492 1501 δ’
1515 1457 1698 1502 ἔκάστος
1717 1446 1860 1515 ὀρούει

431 1533 574 1590 τυχών
595 1550 679 1584 κεν,
698 1531 921 1590 ἁρπαλέαν
942 1531 1097 1589 σχέθοι
1118 1530 1331 1589 φροντίδα
1351 1530 1428 1573 τὰν
1446 1529 1534 1586 πὰρ
1555 1529 1701 1574 ποδος·

431 1605 485 1648 τὰ
506 1603 542 1647 δ’
565 1604 626 1650 εἷς
645 1604 849 1656 ἐνιαυτὸν,
871 1603 1135 1660 ἀτέκμαρτον
1153 1603 1407 1660 προνοῆσαι.

139 1700 449 1769 Quaenam,
482 1699 742 1768 obsecre,
769 1706 862 1756 est
892 1718 962 1755 ea
989 1698 1234 1775 μερίμνα,
1254 1717 1387 1772 quae
1418 1696 1665 1776 φροντίς,
1686 1714 1897 1771 quaeve

139 1816 270 1872 spes
299 1796 566 1871 inquieta
596 1803 658 1852 et
687 1797 1042 1871 importuna,
1073 1814 1207 1870 quae
1245 1814 1363 1851 non
1408 1794 1546 1851 sinit
1590 1812 1716 1850 esse
1760 1792 1897 1849 bea-

139 1901 286 1960 tum,
323 1912 399 1949 ne
438 1894 652 1949 iterata
681 1893 919 1968 quidem
952 1891 1236 1949 victoria?
1326 1891 1581 1966 Nempe,
1613 1890 1713 1964 qui
1745 1889 1898 1946 vice-

140 1999 231 2046 rat
273 1989 501 2045 minora
544 1989 885 2055 certamina,
917 2007 1150 2063 semper
1189 1988 1311 2044 fere
1355 1987 1661 2063 spectabat
1691 1985 1899 2062 Olym-

139 2085 336 2160 piam3
387 2085 487 2159 qui
533 2082 934 2160 Olympicum,
981 2103 1056 2141 ne
1104 2085 1152 2141 is
1196 2084 1434 2158 quidem
1487 2091 1721 2159 poterat
1772 2102 1898 2140 esse

140 2179 375 2254 penitus
418 2178 567 2235 liber
610 2198 645 2236 a
687 2179 955 2237 molestae
1000 2179 1339 2236 ambitionis
1379 2178 1635 2245 stimulo,
1667 2197 1900 2253 semper

140 2274 216 2330 ad
246 2273 526 2331 ulteriora
554 2276 894 2351 gradientis.
974 2275 1317 2351 Utrumque
1347 2295 1453 2332 8110
1483 2295 1647 2332 more
1677 2274 1900 2331 solatur

144 2369 457 2438 Pindarus3
501 2390 639 2428 nam
669 2378 732 2427 et
760 2372 996 2428 illorum
1026 2373 1216 2448 gratia
1243 2372 1407 2429 miris
1430 2371 1599 2428 effert
1629 2371 1900 2428 laudibus

144 2462 518 2540 Olympicam
559 2485 852 2534 coronam,
887 2474 950 2523 et
981 2469 1138 2541 quod
1183 2466 1272 2523 his
1315 2467 1577 2523 remedio
1619 2467 1712 2534 sit,
1749 2465 1902 2521 mul-

142 2567 245 2646 tus*
289 2567 380 2618 est
425 2562 487 2618 in
538 2561 667 2619 1000
723 2564 901 2619 101108
946 2564 1020 2621 ab
1065 2564 1339 2621 omnibus
1385 2564 1715 2630 decantato,
1768 2570 1899 2619 tum

143 2649 504 2733 philosophis
548 2667 678 2715 tum
725 2661 932 2735 poetis,
971 2661 1255 2737 restingui
1302 2661 1516 2717 debere
1560 2659 1899 2735 cupidinem

145 2754 307 2810 illam
346 2754 658 2823 infinitam,
691 2763 1003 2832 postquam
1047 2756 1230 2815 semel
1260 2758 1331 2814 ad
1363 2763 1586 2814 metam
1631 2755 1899 2813 laborum

144 2851 497 2926 perveneris.
587 2852 784 2910 Pauca
818 2855 893 2910 ad
925 2854 1265 2930 exemplum
1297 2855 1359 2911 in
1389 2862 1640 2929 utroque
1682 2871 1899 2930 genere

145 2965 557 3022 proponemus.

237 3042 519 3113 Primum,
563 3044 862 3104 ‘Isthmico
917 3046 1144 3115 victori,
1199 3046 1538 3124 Olympiam
1595 3047 1901 3122 cogitanti,

146 3139 579 3217 elegantissime
610 3141 927 3208 blanditur,
960 3144 1218 3200 carmine
1249 3144 1322 3199 de
1353 3143 1541 3219 epulis
1570 3142 1896 3205 translator.

499 3247 737 3294 θάλλοντος
755 3248 921 3307 ἀνδρῶν
943 3250 999 3295 ὡς
1020 3248 1092 3294 ὅτε
1113 3250 1363 3307 συμποσίου

499 3318 697 3378 δεύτερον
718 3324 906 3380 κρατῆρα
929 3323 1154 3367 Μοισαίων
1173 3322 1339 3380 μελέων

499 3392 698 3450 κίρναμεν
733 3395 970 3451 Λάμπωνος
1002 3396 1187 3440 εὐάθλου
1226 3397 1374 3454 γενεᾶς
1411 3393 1533 3452 ὕπερ·
1567 3393 1613 3438 ἐν
1649 3392 1791 3450 Νεμέᾳ
1827 3392 1904 3449 μὲν

614 3470 799 3523 πρῶτον,
821 3467 854 3511 ὦ
875 3470 971 3519 Ζεῦ,

382 3609 402 3636 ‘¹
434 3603 563 3660 Pyth.
592 3617 657 3648 10.
681 3617 754 3663 95.
1333 3614 1350 3636 Γ
1382 3607 1529 3649 Istkm.
1555 3606 1595 3648 6.
1627 3621 1662 3648 1.
