2288 4036
180 296 333 330 PRAEL.
356 294 541 328 xxvm.
617 275 837 328 Nullam
859 275 1046 327 subesse
1070 278 1154 326 τοῦ
1180 274 1382 341 γελοίου
1406 288 1600 324 venam.
1820 269 1929 323 565

180 430 394 480 norunt
425 440 647 488 omnes,
679 420 1058 476 minimarum
1089 437 1324 494 quoque
1368 416 1625 492 partium
1665 434 1929 490 personae

180 518 476 574 vindicant
526 516 636 573 sibi
684 515 982 590 scriptoris
1034 515 1316 579 studium,
1365 513 1475 569 etsi
1523 530 1641 568 non
1693 529 1813 585 par,
1861 518 1932 566 ut

177 612 364 670 simile
407 621 624 669 tamen.
715 610 1028 686 Nusquam
1069 610 1255 667 ferme
1294 609 1451 684 apud
1492 606 1660 664 illum
1701 626 1777 662 ne
1817 606 1931 662 tria

177 700 412 785 quidam
442 709 620 765 verba
664 708 887 782 profert
929 726 1032 763 seu
1074 705 1316 762 colonus
1362 705 1514 761 forte
1553 710 1766 768 astans,
1803 702 1928 758 sive

175 805 359 872 mileS,
380 823 481 860 seu
513 822 710 860 scurra
738 801 1054 877 popularis,
1082 820 1186 858 seu
1210 801 1400 875 quivis
1429 798 1598 868 alim,
1622 798 1766 873 quin
1795 817 1930 873 pro-

174 904 315 978 priae
359 901 570 958 indolis
613 900 1102 976 significationem
1143 898 1438 972 quandam
1481 896 1722 971 injiciat.
1806 894 1929 951 Ita-

173 1018 287 1074 que
326 999 463 1073 jure
507 997 763 1072 quodam
811 994 1089 1071 singulari
1142 994 1424 1050 tribuitur
1474 991 1812 1066 Shakspero
1856 1010 1927 1048 ea

173 1094 312 1161 laus,
355 1101 424 1150 ut
469 1092 710 1149 humani
760 1091 906 1147 nihil
954 1110 988 1147 a
1032 1110 1094 1147 se
1141 1089 1401 1146 alienum
1452 1095 1658 1165 putet:
1708 1089 1926 1164 quippe

172 1191 271 1265 qui
311 1191 369 1246 in
410 1181 675 1245 omnium
707 1189 807 1263 qui
846 1188 1067 1261 ubique
1104 1192 1314 1244 extant
1348 1185 1657 1242 hominum
1690 1184 1924 1250 formas,

170 1287 418 1362 ingenia,
450 1304 643 1342 mores
681 1284 996 1341 transferre
1026 1302 1088 1340 se
1119 1283 1386 1339 noverit:
1433 1282 1493 1338 in
1523 1281 1637 1338 hoc
1670 1281 1924 1338 Naturae

169 1381 339 1457 plane
370 1380 590 1447 similis,
622 1400 752 1456 quae
797 1380 957 1436 omni
1003 1398 1144 1435 cura
1183 1379 1406 1455 fingere
1441 1377 1593 1434 solet
1623 1385 1685 1434 et
1715 1395 1922 1432 ornare

167 1497 283 1534 non
327 1497 396 1534 ea
438 1484 674 1534 tantum
719 1475 865 1543 loca,
907 1495 1036 1551 quae
1078 1474 1255 1550 vulgo
1301 1474 1377 1531 ob
1422 1473 1703 1530 eximiam
1739 1492 1923 1547 quau-

167 1569 300 1631 dam
330 1574 832 1650 pulchritudinem
863 1573 1212 1639 invisuntur,
1238 1571 1339 1627 sed
1365 1578 1427 1628 et
1451 1571 1728 1627 obscuros
1752 1588 1924 1645 quos-

167 1689 278 1746 que
328 1669 589 1745 anguIOS,
635 1668 800 1724 nullo
853 1687 1046 1743 neque
1103 1667 1242 1724 solis
1293 1668 1456 1724 radio
1506 1685 1700 1742 neque
1747 1666 1920 1722 oculo

164 1767 503 1823 admirantis
560 1764 733 1822 facile
792 1766 1135 1841 tangendos,
1231 1764 1460 1821 Eadem
1508 1764 1741 1821 Natura
1797 1764 1921 1838 pari

164 1863 491 1929 sedulitate,
523 1868 592 1918 ut
621 1863 707 1918 ita
736 1862 944 1928 dicam,
975 1880 1245 1937 proceras
1289 1862 1519 1917 ornavit
1550 1879 1820 1935 quercuS,
1850 1880 1920 1917 ac

163 1959 618 2017 minutissimum
670 1958 948 2033 quodque
1006 1977 1110 2015 seu
1161 1959 1478 2035 fungorum
1523 1959 1647 2015 sive
1693 1957 1915 2014 filicum

161 2074 360 2132 genua
408 2055 778 2112 nascentium
830 2055 983 2111 forte
1035 2056 1144 2112 sub
1195 2055 1406 2112 umbra
1457 2054 1630 2132 regiae
1674 2055 1914 2112 arboris.

162 2149 365 2226 Atque
408 2152 469 2207 in
515 2151 664 2208 hanc
694 2151 939 2208 fort-asse
980 2159 1210 2227 partem
1245 2152 1497 2227 accipiat
1540 2151 1752 2227 aliquis
1796 2172 1915 2209 non

161 2248 312 2305 male
356 2249 512 2323 piam
559 2249 847 2323 majorum
900 2258 1235 2306 nostrorum
1282 2248 1671 2326 diligentiam,
1708 2251 1809 2325 qui
1854 2251 1914 2306 in

160 2345 535 2403 sacrosanctis
589 2344 817 2402 aedibus
875 2343 1126 2402 sollicite
1176 2345 1461 2402 curabant
1519 2345 1786 2420 exsculpi
1845 2366 1913 2403 ac

159 2440 323 2515 poliri
356 2460 587 2497 summa
620 2441 802 2497 etiam
843 2441 1156 2517 laquearia,
1187 2443 1474 2518 posticam
1505 2442 1911 2499 columnarum

157 2543 402 2611 partem,
443 2545 654 2594 caetera
698 2557 950 2613 quaeque
1002 2559 1036 2595 a
1087 2538 1219 2595 luce
1263 2546 1325 2595 et
1369 2546 1614 2614 aspectu
1666 2547 1910 2597 remota.

159 2632 369 2700 Quare,
410 2635 508 2708 qui
557 2633 745 2691 Poeta
795 2635 1057 2709 posuerit
1107 2654 1343 2691 omnem
1397 2654 1636 2710 operam
1684 2636 1744 2691 in
1790 2656 1911 2693 uno

158 2728 278 2785 solo
308 2736 523 2796 actore,
553 2729 723 2786 illum
758 2730 1095 2805 judicamus
1135 2731 1334 2807 effingi
1378 2751 1496 2788 non
1539 2733 1612 2788 ad
1654 2731 1909 2791 Naturae

156 2824 257 2880 sed
286 2826 359 2881 ad
389 2825 528 2882 artis
558 2825 806 2900 alicujus
841 2843 1127 2882 normam.
1216 2824 1319 2881 An
1350 2844 1488 2882 vero
1519 2826 1580 2882 in
1613 2825 1908 2902 Sophocle

156 2927 352 2977 nostro
409 2919 607 2978 locum
660 2921 876 2978 habeat
927 2941 997 2978 ea
1047 2921 1358 2989 dubitatio,
1400 2922 1675 2996 judicent
1727 2923 1904 2980 velim

155 3018 459 3074 acutiores·

237 3113 393 3170 Illud
423 3114 671 3171 addam:
717 3115 814 3189 qui
848 3113 1176 3189 Scriptores
1217 3115 1521 3191 potuerint
1563 3135 1625 3174 se
1664 3135 1904 3193 compo-

152 3226 289 3265 nere
317 3210 391 3266 ad
421 3228 658 3266 omnem
688 3229 920 3286 prorsus
951 3211 1217 3267 omnium
1246 3211 1578 3268 animorum
1607 3211 1900 3278 habitum,

153 3321 469 3378 omnesque
498 3304 990 3380 affectus3—-quae
1025 3306 1257 3381 propria
1292 3307 1477 3364 ferme
1507 3315 1570 3364 et
1601 3308 1901 3365 excellens

151 3395 276 3455 laus
313 3406 403 3455 est
441 3397 776 3476 Shaksperi'
799 3403 956 3477 apud
998 3421 1118 3470 nOS,
1149 3404 1306 3479 apud
1338 3404 1581 3463 Graecos
1614 3405 1900 3472 Homeri3

151 3493 356 3550 ——fieri
385 3495 484 3551 vix
514 3498 725 3571 potuit,
757 3497 894 3573 quia
933 3498 1113 3554 iidem
1142 3499 1350 3575 saepius
1380 3501 1439 3556 in
1472 3501 1625 3558 levia
1653 3508 1715 3557 et
1746 3500 1899 3557 ludi-

111 3672 116 3677 ἢ
151 3606 251 3646 cra
296 3590 638 3661 inciderent,
684 3594 810 3669 ipso
853 3594 1326 3670 gravissimorum
1376 3604 1711 3673 temporum
1759 3598 1900 3654 arti-
