2288 4036
286 198 397 256 676
452 198 690 254 Nubium
714 207 760 254 et
781 199 1045 271 sylvarum
1069 200 1256 271 species
1281 198 1396 254 bene
1422 201 1674 274 conyanyi,
1712 219 2082 253 PaAEn.xxx111.-

529 344 761 390 Carbasus
782 350 834 388 ut
855 342 1087 403 quondam
1108 343 1287 402 magnis
1308 344 1482 388 intenta
1502 343 1688 388 theatris
1732 343 1734 346 ’

529 419 623 463 Dat
645 418 867 476 crepitum
888 417 1032 462 malos
1053 417 1171 462 inter
1185 418 1368 476 jactata,
1389 416 1655 476 trabesque:

528 491 766 536 Interdum
787 490 1010 549 perscissa
1028 490 1139 535 furit
1159 490 1468 548 petulantibus
1490 490 1641 543 Euris,

527 565 588 609 Et
609 563 790 622 fragiles
813 564 991 608 sonitus
1013 563 1271 608 chartarum
1293 562 1669 615 commeditatur3

530 637 586 682 Id
607 652 788 697 quoque
810 638 929 681 enim
953 652 1098 696 genus
1120 637 1168 680 in
1188 637 1364 681 tonitru
1386 651 1659 694 cognoscere
1680 635 1854 693 possis;

527 712 623 756 Aut
645 711 725 755 ubi
747 726 1017 769 suspensam
1037 718 1225 764 vestem,
1248 710 1482 755 chartasve
1502 711 1721 763 volantes,

527 785 807 830 Verberibus
828 785 952 830 venti
972 792 1170 838 versant,
1192 786 1506 844 planguntque
1527 800 1609 843 per
1627 799 1774 829 auras.

374 884 522 942 Post
567 883 771 960 paullo
815 890 1139 941 occurrunt
1175 883 1448 959 quaedam
1493 883 1580 940 ita
1624 888 1984 958 comparata,
2016 888 2087 938 ut

284 984 538 1042 nubium
580 1002 650 1040 ac
697 982 997 1060 sylvarum
1019 968 1329 1040 'rationem
1360 981 1519 1039 inter
1549 1001 1611 1039 se
1643 979 2090 1058 quodammodo

286 1083 676 1161 conjungant.

527 1185 613 1231 Est
634 1185 770 1230 etiam
792 1185 921 1238 ratio,
946 1200 1053 1231 cum
1074 1186 1199 1231 venti
1219 1185 1379 1231 nubila
1399 1186 1607 1245 perflant,

529 1258 625 1304 Cur
647 1259 824 1304 sonitus
846 1259 1038 1304 faciant:
1074 1260 1242 1304 etenim
1263 1256 1444 1306 ramosa
1462 1260 1676 1305 videmus

527 1333 701 1378 Nubila
722 1348 843 1392 saepe
864 1333 1013 1379 modis
1035 1335 1208 1388 multis,
1232 1342 1367 1395 atque
1388 1350 1546 1393 aspera
1567 1335 1688 1379 ferri.

530 1407 712 1452 Scilicet
733 1414 784 1452 ut
807 1407 1013 1452 crebram
1036 1409 1211 1468 sylvam
1233 1424 1340 1453 cum
1361 1408 1544 1453 flamina
1567 1408 1707 1453 Cauri

527 1480 744 1535 Perflant,
768 1482 878 1526 dant
901 1481 1104 1527 sonitum
1125 1482 1327 1535 frondes,
1351 1483 1555 1542 ramique
1574 1482 1818 1542 fragorem.

527 1553 599 1599 Fit
621 1569 818 1614 quoque,
840 1562 893 1600 ut
913 1555 1146 1600 interdum
1167 1555 1305 1600 validi
1326 1555 1393 1600 vis
1416 1555 1554 1600 incita
1575 1555 1698 1600 venti

526 1629 792 1678 Perscindat
813 1630 984 1675 nubem
1005 1630 1290 1689 perfringens
1313 1631 1478 1688 impete
1499 1636 1637 1674 recto.

527 1701 651 1746 Nam
673 1701 784 1761 quid
805 1703 950 1760 possit
971 1702 1035 1747 ibi
1056 1702 1207 1756 flatus,
1230 1704 1470 1748 manifesta
1492 1703 1623 1748 docet
1644 1718 1733 1755 res,

528 1774 635 1828 Hic,
658 1775 739 1820 ubi
761 1776 906 1820 lenior
927 1783 1010 1828 est,
1034 1776 1082 1820 in
1104 1783 1224 1820 terra
1246 1791 1352 1821 cum
1374 1783 1526 1821 tamen
1545 1777 1634 1821 alta

489 1838 492 1841 ⁴
525 1849 730 1894 Arbusta
751 1851 964 1895 evolvens
986 1850 1218 1895 radicibus
1240 1851 1392 1896 haurit
1413 1851 1469 1896 ab
1492 1851 1610 1895 imis.

370 1938 690 1998 Accedant
722 1948 785 1998 et
816 1940 937 2011 illa,
970 1961 1106 2018 quae
1140 1961 1280 1998 cum
1318 1942 1526 2000 multis
1567 1942 1698 2000 aliis
1729 1943 2086 2001 Lucretium

283 2040 457 2098 nobis
507 2039 728 2097 sistunt
785 2040 1265 2109 subtilissimum,
1321 2042 1370 2099 si·
1425 2043 1556 2118 quis
1608 2042 1780 2112 alius,
1835 2042 2088 2101 Naturae

284 2145 733 2216 spectatorem«

525 2241 711 2287 Aridior
731 2257 868 2301 porro
891 2244 929 2288 si
950 2244 1097 2289 nubes
1120 2245 1282 2303 accipit
1302 2245 1473 2304 ignem,

525 2316 689 2361 Uritur
710 2317 884 2376 ingenti
906 2318 1060 2363 sonitu
1082 2335 1302 2364 succensa
1321 2326 1532 2377 repentet

524 2391 820 2436 Lauricomos
841 2399 894 2436 ut
917 2393 955 2436 si
975 2408 1056 2451 per
1077 2402 1256 2438 montes
1278 2393 1462 2437 flamma
1481 2400 1688 2451 vagetur,

523 2465 726 2510 Turbine
747 2473 989 2511 ventorum
1012 2467 1286 2512 comburens
1309 2468 1475 2526 impete
1496 2482 1664 2526 magno
1684 2484 1694 2511 z

523 2539 571 2583 N
573 2554 622 2583 ec
644 2554 716 2584 res
738 2540 831 2584 ulla
850 2541 1013 2599 magis,
1038 2556 1173 2601 quam
1199 2540 1361 2587 Phoebi
1385 2541 1596 2600 Delphici
1616 2542 1792 2594 laurus,

523 2612 733 2658 Terribili
755 2614 910 2659 sonitu
931 2614 1114 2660 flamma
1135 2616 1380 2674 crepitante
1401 2623 1641 2661 crematur.

370 2709 605 2778 Facilis,
657 2712 883 2788 opinor,
934 2732 1012 2770 ex
1061 2713 1155 2770 his
1208 2715 1322 2771 erit
1371 2714 1658 2772 transitus
1710 2713 1773 2770 in
1825 2713 2082 2772 alterum

280 2810 431 2867 illud
480 2819 680 2887 caput,
720 2813 796 2870 de
842 2812 1143 2890 sylvarum
1192 2813 1457 2883 deliciis3
1509 2814 1613 2872 ubi
1659 2833 1782 2871 non
1825 2814 2084 2871 invitum

282 2912 639 2968 commorari
679 2911 901 2970 debere
934 2912 1208 2981 Poetam,
1244 2913 1479 2970 obscuri
1524 2913 1851 2990 praesertim
1894 2920 1957 2971 et
1992 2913 2082 2969 in-

282 3009 435 3066 finiti
461 3017 787 3078 amantem,
814 3030 923 3070 nos
942 3013 1073 3089 jam
1104 3019 1247 3070 ante
1278 3013 1620 3071 statuimus.
1684 3011 1845 3071 Satis
1876 3018 2083 3071 autem

282 3107 586 3166 declarare
618 3109 896 3167 videatur
939 3118 1208 3168 mentem
1256 3111 1384 3188 ejus
1429 3112 1489 3168 in
1535 3111 1648 3168 hac
1680 3130 1859 3169 causa
1890 3109 1984 3168 vel
2016 3109 2087 3167 il-

281 3205 387 3265 lud
435 3226 556 3265 non
606 3208 789 3266 semel
846 3208 1205 3278 adhibitum,
1253 3210 1328 3278 de
1380 3210 1619 3287 propria
1665 3229 1734 3267 ac
1787 3209 2084 3285 praecipua

282 3305 621 3374 dulcedine,
651 3327 831 3382 quam
879 3308 1070 3366 soleat
1116 3310 1424 3386 percipere
1456 3328 1532 3366 ex
1565 3310 1693 3385 ipsa
1733 3307 1859 3366 sola
1889 3308 2084 3429 operis

281 3405 373 3462 sui
408 3406 729 3463 novitate.
698 3415 712 3441 ¹

523 3507 640 3553 Avia
662 3508 893 3554 Pieridum
915 3524 1106 3573 peragro
1128 3510 1227 3553 loca
1249 3510 1420 3554 nullius
1443 3518 1547 3555 ante

1021 3660 1038 3691 f
1070 3661 1202 3705 Lucr.
1227 3678 1269 3717 4.
1300 3676 1337 3706 Ι.
