2288 4036
367 145 478 200 516
518 145 823 198 Pindarioa
850 153 1024 198 nostra
1051 146 1316 198 domestico
1343 145 1565 215 eoeemplo
1582 143 1817 214 probari.
1844 163 2004 196 PRAEL.
2021 164 2170 196 xxvr.

372 311 522 360 sem,
543 291 704 368 quod
737 291 1104 349 sententiam
1135 299 1402 348 nostram
1429 290 1504 347 de
1536 309 1772 348 summa
1800 290 1884 348 rei
1917 290 2173 367 poeticae

374 389 470 447 vel
512 390 818 446 minueret
867 388 964 446 vel
1014 394 1282 466 augeret.
1372 387 1572 447 Video
1626 386 1833 446 autem
1878 395 2011 445 tum
2059 386 2176 444 alia

373 488 677 566 pleraque,
722 495 856 545 tum
908 487 1059 544 illud
1108 487 1440 564 praesertim
1493 508 1632 546 cum
1682 488 1900 546 nostris
1946 486 2175 563 optime

377 587 736 655 consentire,
798 586 960 662 quod
1014 606 1091 643 ex
1143 586 1350 655 initiis,
1401 593 1473 644 ut
1524 586 1612 645 ita
1664 587 1878 654 dicam,
1933 585 2177 643 ludicris

377 686 673 764 originem
718 692 934 743 nactus
980 692 1072 743 est
1124 685 1449 762 praeclarus
1501 686 1605 744 ille
1651 687 1811 744 orbis
1858 684 2177 743 Poeseosa.

378 784 545 842 Nam
583 790 654 841 ut
700 784 963 860 primum
995 803 1164 860 puer,
1193 784 1410 843 affecta
1440 784 1805 851 valetudine,
1840 785 2056 842 missus
2089 789 2180 840 est

374 886 437 942 in
469 904 607 942 rura
636 891 820 960 atque
848 885 909 940 in
942 884 1127 942 colles
1158 886 1371 954 avitOS,
1398 885 1709 961 vitamque
1741 886 1852 943 sub
1885 885 1983 942 dio
2020 884 2182 940 ince-

376 985 466 1062 pit
512 1003 712 1061 agere,
751 985 959 1041 statim
1006 984 1171 1043 intus
1201 986 1360 1062 apud
1393 1005 1532 1043 eum
1565 985 1753 1042 foveri
1799 984 1951 1041 mira
1979 981 2182 1040 nescio

377 1103 510 1160 quae
553 1103 699 1141 cura
744 1103 813 1141 ac
856 1084 1221 1142 desiderium
1254 1085 1560 1143 decantati
1604 1084 1766 1142 illius
1812 1082 2030 1151 saeculi,
2063 1101 2182 1158 quo

378 1183 697 1261 viguerant
743 1183 1001 1260 majores
1042 1185 1167 1253 sui3
1215 1184 1446 1241 fervere
1488 1185 1691 1242 omnia
1723 1190 1998 1242 veterum
2030 1180 2184 1237 viro-

377 1302 513 1340 rum
545 1283 855 1352 memoria,
888 1283 1195 1342 bellicosae
1227 1303 1370 1342 sane
1400 1290 1583 1360 atque
1618 1283 1924 1340 indomitae
1965 1281 2181 1359 gentis

380 1381 568 1440 Porro
601 1402 722 1439 non
754 1382 872 1441 alia
902 1384 1095 1461 magis
1126 1403 1191 1441 re
1229 1383 1584 1441 crediderim
1618 1383 1883 1440 revocari
1915 1400 2089 1459 posse
2120 1381 2178 1437 in

377 1483 650 1541 animum
697 1482 826 1559 ejus
867 1484 1158 1561 temporis
1196 1484 1472 1542 umbram
1517 1490 1580 1542 et
1623 1484 1969 1562 imaginem,
2001 1502 2181 1559 quam

379 1581 523 1639 ludo
555 1581 896 1658 campestri,
922 1583 1206 1659 varioque
1238 1583 1496 1641 venandi
1527 1600 1785 1662 genere:
1828 1581 2028 1659 qualia
2058 1600 2179 1638 om·

379 1681 478 1738 nia
507 1681 729 1738 scimus
761 1681 817 1737 ei
849 1681 976 1739 viro
1008 1701 1392 1760 summopere
1422 1682 1607 1741 fuisse
1646 1683 1708 1740 in
1742 1681 1989 1740 deliciis.
2082 1680 2183 1738 Ne

378 1781 606 1838 multa:
658 1781 815 1856 quod
852 1780 1118 1839 officium
1151 1783 1489 1859 praestitere
1522 1781 1784 1840 Pindaro
1817 1781 2088 1860 Pythicae
2122 1790 2185 1838 et

380 1879 716 1958 Olympicae
757 1880 985 1950 turbae3
1032 1883 1194 1958 quod
1234 1880 1534 1959 Spensero
1580 1889 1643 1941 et
1685 1883 1814 1959 ejus
1857 1880 2185 1958 aequalibus

378 1979 505 2046 ludi
551 1979 844 2038 militares
886 1987 949 2038 et
991 1990 1316 2057 equestreS,
1349 2002 1607 2059 quorum
1646 2002 1760 2059 ope
1792 1981 2035 2060 vigebat
2081 1980 2185 2038 ad-

379 2079 502 2138 huc
547 2086 850 2157 superstes
882 2081 1044 2139 fama
1074 2081 1231 2148 AEvi,
1271 2083 1432 2158 quod
1469 2095 1705 2149 vocant,
1741 2081 1974 2150 Medii3
2019 2080 2181 2137 idem

379 2177 570 2236 ferme
613 2177 910 2237 Gualtero
955 2186 1160 2237 nostro
1207 2180 1528 2258 sylvestres
1575 2200 1748 2249 curae,
1793 2199 1987 2249 caneS,
2026 2178 2182 2255 equi,

379 2285 545 2335 “vox
569 2298 815 2336 assensu
839 2299 1157 2338 nemorum
1181 2281 1606 2358 ingeminata.”
1684 2281 1757 2339 Id
1789 2287 1997 2338 autem
2023 2298 2186 2336 com-

377 2396 564 2435 mune
613 2378 904 2445 omnium,
952 2380 1114 2455 quod
1164 2379 1344 2438 rebus
1392 2381 1454 2437 in
1499 2381 1702 2438 medio
1755 2379 1966 2457 positis
2015 2378 2184 2455 quasi

378 2477 638 2551 quadam
683 2478 882 2557 effigie
915 2488 1191 2537 veterum
1237 2499 1456 2549 rerum,
1487 2480 1863 2557 heroumque
1897 2481 2027 2556 jam
2060 2480 2185 2536 vita

377 2574 726 2635 functorum
761 2578 1108 2636 utebantur.
1200 2577 1339 2637 Hoc
1370 2579 1521 2637 illud
1553 2587 1699 2649 erat,
1733 2581 1895 2657 quod
1926 2579 2182 2646 aiebam,

379 2674 507 2733 fore
553 2684 623 2734 ut
668 2677 730 2734 in
765 2678 1000 2754 judicio
1043 2678 1292 2736 ferendo
1332 2681 1408 2738 de
1449 2680 1619 2738 fonte
1662 2679 1999 2738 Pindaricae
2033 2678 2186 2737 Poe·-

379 2793 511 2833 seos
557 2777 660 2834 vix
704 2777 905 2835 minus
943 2777 1185 2836 valeant
1223 2780 1352 2855 ejus
1383 2780 1511 2850 viri,
1545 2800 1727 2857 quem
1771 2780 1953 2838 modo
1994 2780 2189 2838 nomi-

377 2875 533 2941 navi,
566 2876 830 2944 annaleS‚
862 2896 1046 2952 quam
1078 2878 1139 2935 in
1173 2880 1510 2955 quaestione
1543 2880 1618 2938 de
1650 2887 1824 2938 motu
1855 2879 2026 2938 Zeno
2059 2900 2186 2938 am-

378 2972 613 3032 bulans.

466 3071 670 3141 Quare
701 3075 1116 3134 confirmatior
1146 3079 1222 3135 ad
1263 3077 1414 3136 illud
1464 3086 1647 3156 caput
1683 3079 1925 3149 acced0,
1957 3080 2032 3138 de
2064 3100 2184 3157 quo

376 3169 559 3229 hodie
601 3172 1038 3250 disputandum
1079 3176 1229 3235 erit:
1276 3197 1497 3254 nempe
1538 3185 1607 3235 ut
1654 3179 1989 3248 ostendam,
2021 3199 2187 3237 amo-

375 3287 504 3326 rem
554 3269 747 3339 illum,
787 3290 907 3347 quo
959 3273 1490 3334 vehementissimo
1531 3275 1824 3354 flagrabat
1873 3276 2182 3344 PindarUS‚

375 3367 462 3424 rei
507 3368 818 3427 athleticae
869 3377 932 3427 et
976 3375 1384 3449 gymnasticae,
1440 3394 1578 3432 cum
1625 3375 1862 3434 caeteris
1910 3377 2018 3434 viri
2059 3384 2185 3435 stu-

668 3576 709 3610 .⁹⁴
731 3569 979 3624 Lockhart,
1002 3572 1113 3628 Infe
1133 3575 1191 3631 os
1207 3575 1285 3619 Sir
1314 3576 1484 3621 Walter
1506 3577 1649 3630 Scott,
1671 3577 1701 3622 i.
1725 3593 1769 3635 p.
1798 3578 1866 3622 18.
