2288 4036
280 189 390 243 658
434 191 741 243 Lucretium
759 190 817 243 in
836 191 1055 242 Natura
1074 190 1181 242 vim
1200 190 1432 261 quoesisse
1453 189 1703 245 abditam.
1732 210 1893 244 PRAEL.
1906 211 2079 245 xxxn.

367 338 648 414 Denique
700 356 943 395 omnem
1003 337 1158 395 hanc
1210 336 1456 415 Epicuri
1506 340 1674 415 quasi
1732 341 2076 399 machinam

279 438 471 515 agitat
516 436 745 512 alitque
787 435 988 494 nescio
1019 455 1152 512 quae
1185 437 1289 504 vis,
1323 456 1502 513 quam
1537 438 1639 513 qui
1672 437 1919 496 fatalem
1950 458 2081 496 esse

278 544 521 614 negant,
548 554 750 593 veram
784 541 990 592 tamen
1022 535 1310 603 sentiunt,
1338 537 1623 613 omnique
1653 538 1928 614 potentia
1956 558 2084 596 ma-

267 636 501 711 jorem:
554 634 660 710 qui
700 653 843 711 ergo
884 632 1014 690 fieri
1058 634 1279 709 potuit,
1318 634 1463 710 quin
1505 654 1577 692 ea
1622 653 1685 692 se
1732 634 2081 703 delectaret,

279 733 381 810 qui
421 733 810 791 obscurarum
843 730 1098 789 Naturae
1128 732 1346 789 virium
1391 732 1857 809 significationes
1902 732 2085 811 longe

279 833 522 909 lateque
554 832 847 908 dispersas
887 831 1106 907 cupide
1150 816 1423 908 accipere
1469 831 1681 890 solitus
1712 839 1869 890 esset
1900 852 1935 890 a
1966 834 2085 909 pri-

277 932 393 988 mis
415 930 746 1007 praesertim
769 929 981 988 annis?
1024 928 1218 989 Verbi
1241 930 1466 1008 gratia:
1505 930 1898 999 considerate,
1919 951 2086 1008 quae-

277 1049 362 1098 SO,
382 1049 514 1105 quae
541 1029 845 1086 habentur
873 1029 1004 1105 ipso
1035 1029 1228 1086 totius
1259 1029 1695 1106 disputationis
1726 1030 1975 1087 exordio
2007 1029 2084 1087 de

279 1148 446 1187 coeca
475 1135 795 1186 ventorum
826 1134 1129 1204 potestate
1148 1123 1196 1184 k.

521 1253 765 1312 Principio,
787 1253 927 1298 Venti
946 1254 1016 1298 vis
1037 1252 1244 1298 verberat
1264 1253 1403 1298 incita
1423 1246 1636 1312 pontum,

523 1325 830 1384 Ingentesque
851 1325 944 1369 ruit
964 1339 1118 1378 naves,
1141 1331 1185 1369 et
1206 1325 1365 1370 nubila
1389 1325 1566 1371 differt:

523 1397 764 1443 Interdum
784 1397 945 1456 rapido
965 1413 1234 1456 percurrens
1256 1398 1440 1443 turbine
1462 1414 1647 1457 campos

522 1472 780 1517 Arboribus
802 1473 982 1531 magnis
1007 1472 1182 1525 sternit,
1205 1479 1474 1532 montesque
1497 1488 1736 1531 supremos

522 1546 775 1605 Silvifragis
798 1552 930 1591 vexat
951 1546 1134 1599 flabris;
1167 1546 1231 1590 ita
1251 1547 1443 1605 perfurit
1464 1547 1555 1591 acri

523 1619 643 1665 Cum
665 1619 865 1672 fremitu,
889 1620 1107 1679 saevitque
1126 1619 1295 1664 minaci
1315 1635 1553 1664 murmure
1573 1627 1760 1678 pontus.

523 1693 643 1739 Sunt
664 1694 805 1753 igitur
821 1693 962 1738 Venti
981 1693 1199 1738 nimirum
1222 1708 1413 1752 corpora
1433 1709 1571 1747 coeca,

524 1767 644 1817 Quae
665 1782 805 1820 marc,
829 1782 931 1827 quae
953 1773 1110 1820 terras,
1135 1782 1240 1827 quae
1260 1766 1455 1827 denique
1476 1767 1635 1812 nubila
1654 1768 1753 1812 caeli

522 1841 740 1894 Verrunt,
764 1856 815 1885 ac
838 1839 993 1885 subito
1012 1841 1223 1885 vexantia
1242 1840 1424 1886 turbine
1444 1847 1640 1899 raptant.

279 1961 523 2020 Deinde
546 1980 687 2019 cum
712 1979 1004 2036 aquarum
1030 1961 1286 2019 decursu
1311 1980 1439 2019 rem
1464 1966 1790 2037 comparat,
1817 1959 1986 2018 velut
2016 1961 2087 2030 is,

283 2062 455 2139 cujus
496 2079 670 2119 aures
699 2059 857 2118 bene
890 2059 1227 2128 didicerint,
1261 2061 1491 2137 optime
1523 2060 1886 2118 concordare
1931 2060 2089 2118 soni-

281 2167 381 2218 tus
429 2158 731 2238 sylvarum
778 2156 1100 2233 marisque‚
1152 2175 1291 2214 cum
1341 2157 1581 2233 utrique
1629 2157 1815 2214 insint
1867 2156 2090 2214 indicia

280 2279 402 2318 non
434 2259 619 2317 dubia
648 2257 867 2314 virium
899 2255 1219 2332 plusquam
1250 2254 1671 2312 humanarum.

523 2382 623 2427 Nec
643 2381 817 2426 ratione
837 2379 988 2424 fluunt
1010 2379 1110 2432 alia,
1134 2386 1421 2438 stragemque
1442 2383 1716 2436 propagant,

524 2454 679 2506 Quam
700 2470 807 2500 cum
826 2454 977 2499 mollis
1001 2468 1131 2513 aquae
1153 2453 1297 2498 fertur
1317 2459 1480 2497 natura
1500 2458 1684 2509 repente

523 2529 732 2576 Flumine
753 2527 1023 2580 abundanti,
1047 2526 1172 2587 quod
1191 2526 1333 2585 largis
1353 2525 1577 2570 imbribus
1599 2531 1736 2582 auget

522 2604 768 2650 Montibus
790 2617 845 2647 ex
867 2602 968 2647 altis
990 2616 1188 2659 magnus
1211 2600 1432 2645 decursus
1455 2601 1603 2659 aqua‘i,

522 2678 766 2738 Fragmina
786 2676 1031 2736 conjiciens
1055 2676 1302 2735 sylvarum,
1326 2674 1602 2732 arbustaque
1623 2679 1735 2717 tota.
1755 2707 1767 2718 .
1787 2707 1798 2716 .
1816 2706 1830 2717 .

523 2756 617 2800 Dat
639 2753 794 2799 sonitu
814 2767 982 2811 magno
1005 2758 1219 2810 stragem,
1242 2749 1475 2808 volvitque
1497 2746 1583 2792 sub
1605 2745 1744 2791 undis

522 2828 728 2875 Grandia
748 2841 870 2879 saxa,
892 2825 999 2878 ruit,
1024 2840 1114 2885 qua
1136 2822 1354 2884 quicquid
1376 2821 1592 2867 fluctibus
1615 2820 1785 2865 obstat.

526 2902 602 2948 Sic
622 2901 763 2960 igitur
784 2899 953 2944 debent
975 2898 1114 2943 Venti
1135 2913 1317 2958 quoque
1338 2897 1522 2942 flamina
1541 2894 1664 2947 ferri,

524 2976 643 3025 'Quae
664 2974 806 3020 veluti
826 2972 1030 3018 validum
1050 2972 1239 3024 fiumen,
1263 2986 1370 3016 cum
1391 2968 1674 3029 procubuere

525 3048 791 3099 Quamlibet
811 3048 860 3092 in
882 3053 1072 3107 partem,
1090 3045 1286 3091 trudunt
1306 3060 1378 3089 res
1400 3051 1519 3096 ante,
1542 3048 1778 3101 ruuntque

526 3122 779 3182 Impetibus
803 3120 998 3166 crebris:
1032 3119 1264 3165 interdum
1277 3108 1455 3170 'vortice
1476 3124 1597 3162 torto

525 3197 807 3255 Corripiunt,
830 3194 1079 3253 rapidoque
1101 3193 1298 3238 rotantia
1317 3192 1501 3238 turbine
1522 3197 1719 3250 portant.

370 3325 741 3396 Quinetiam,
774 3324 835 3381 ni
878 3321 1071 3390 fallor,
1111 3320 1339 3377 fatetur
1378 3318 1506 3394 ipse
1540 3314 1881 3383 Lucretius,
1911 3332 2090 3391 prop-

285 3435 452 3485 terea
491 3444 571 3492 se,
604 3442 806 3480 amore
838 3421 1100 3498 quodam
1147 3418 1468 3495 praecipuO,
1501 3416 1563 3473 in
1602 3414 2088 3492 Epicuri-castra

996 3613 1022 3645 k
1046 3614 1182 3658 Lucr.
1213 3628 1250 3657 1.
1277 3623 1379 3673 272.
