2288 4036
203 253 595 288 PRAEL.xxxv111.
639 234 909 302 Utriusque
935 232 995 284 de
1022 240 1177 284 morte
1202 231 1491 283 voluntaria
1506 230 1782 298 judicium.
1848 228 1947 284 761

438 374 496 417 Et
517 389 607 417 non
628 374 776 418 omnia
795 381 1027 430 pertusum
1048 379 1258 429 congesta
1279 372 1405 429 quasi
1424 371 1472 414 in
1491 385 1569 414 vas

440 446 687 490 Commoda
707 446 964 503 perfluxere,
987 452 1118 503 atque
1138 446 1312 502 ingrata
1331 443 1559 487 interiere:

441 517 535 560 Cur
555 533 662 569 non,
684 524 735 561 ut
756 519 912 574 plenus
930 517 1031 561 vitae
1053 516 1253 568 conviva,
1276 515 1458 567 recedis,

443 590 590 648 AEquo
611 591 846 648 animoque
868 590 987 646 capis
1014 603 1229 640 securam,
1253 589 1401 639 stulte,
1424 587 1617 645 quietem
1640 589 1654 628 ?

442 661 522 704 Sin
544 677 608 713 ea,
631 676 729 719 quae
749 661 922 704 fructus
945 676 1120 718 cunque
1141 675 1202 712 es,
1225 660 1390 716 periere
1410 659 1607 716 profusa,

439 733 480 774 V
482 733 629 790 itaque
650 733 698 775 in
717 732 892 775 offensu
915 742 980 774 est
1000 748 1010 774 z
1044 746 1124 775 cur
1144 731 1334 788 amplius
1357 729 1517 774 addere
1538 729 1716 787 quaeris,
1783 729 1785 732 ’

432 804 636 865 Βυτεωῃ
658 803 778 862 quod
798 810 945 860 pereat
966 804 1094 854 male,
1117 810 1160 846 et
1181 803 1407 860 ingratum
1428 801 1601 846 occidat
1622 817 1767 854 omne,

438 876 533 920 Nec
548 877 696 933 potius
716 877 818 921 vitae
840 877 973 920 finem
994 877 1115 928 facis,
1138 883 1269 934 atque
1289 875 1485 920 laboris?

290 957 531 1014 Auditis
561 958 656 1015 hic
695 957 1088 1014 miserabilem
1130 957 1298 1013 illum
1331 964 1392 1013 et
1423 956 1700 1013 acerbum
1735 955 1954 1012 Lucre-

210 1055 382 1110 tianae
415 1053 666 1111 Poeseos
707 1073 930 1120 sonum,
962 1054 1173 1129 frigido
1213 1062 1274 1109 et
1316 1054 1563 1109 immoto
1605 1051 1776 1109 oculo
1818 1071 1956 1108 con-

207 1150 547 1226 templantis
577 1151 886 1207 commoda
915 1151 1133 1225 pariter
1162 1158 1223 1206 et
1254 1151 1484 1225 ingrata
1514 1150 1671 1206 vitae.
1733 1148 1955 1205 Contra

207 1267 391 1322 pauca
420 1247 522 1304 illa
551 1247 806 1323 Virgilii,
838 1247 938 1303 sed
970 1246 1144 1321 plena
1181 1245 1510 1313 dulcedine,
1544 1264 1678 1301 cum
1710 1245 1955 1301 minime

208 1351 427 1419 negent
457 1344 754 1400 abundare
785 1343 1216 1400 calamitatibus
1247 1342 1646 1398 conditionem
1690 1341 1841 1398 hanc
1873 1342 1956 1396 vi-

210 1441 400 1506 vendi,
431 1439 652 1496 habent
682 1447 882 1497 tamen
926 1448 1196 1495 tenerum
1228 1438 1463 1512 aliquod
1478 1468 1490 1473 --
1509 1458 1575 1494 ac
1614 1437 1767 1504 lene,
1800 1438 1955 1512 quod

211 1536 267 1589 in
313 1543 544 1592 mentes
587 1544 795 1611 sponte
840 1534 1273 1610 quodammodo
1318 1533 1543 1600 influat,
1574 1554 1642 1591 ac
1686 1534 1869 1590 tacita
1899 1533 1955 1588 vi

211 1632 536 1690 tolerabilia
563 1634 770 1690 reddat
801 1633 1011 1689 omnia.

297 1727 496 1801 Atque
546 1727 655 1784 hac
703 1728 776 1784 de
822 1746 885 1783 re
938 1727 1210 1794 viderint,
1261 1726 1359 1800 qui
1412 1723 1732 1800 Virgilium
1788 1724 1956 1780 nobis

211 1823 451 1879 tradunt
494 1823 748 1898 Epicuro
788 1824 1108 1880 addictum.
1198 1822 1375 1877 Nunc
1420 1839 1490 1876 ea
1533 1822 1710 1877 modo
1755 1828 1956 1876 mente

210 1919 572 1991 proferimus,
622 1919 838 1993 nequid
884 1918 1282 1994 Virgilianum
1340 1923 1745 1992 praetereatur,
1798 1917 1956 1990 quod

210 2016 470 2072 animum
500 2034 733 2090 quoquo
774 2016 950 2071 modo
991 2014 1280 2090 significet
1313 2013 1576 2069 Lucretii
1615 2032 1956 2069 memorem.

294 2111 478 2166 Porro
509 2111 845 2177 videndum,
877 2130 949 2167 an
981 2111 1314 2166 universam
1351 2110 1601 2165 duorum
1634 2109 1956 2166 Poetarum

211 2206 744 2264 dissimilitudinem
803 2226 918 2263 non
981 2207 1135 2263 male
1193 2205 1452 2263 declaret
1512 2224 1664 2261 unus
1719 2205 1821 2262 ille
1883 2206 1957 2262 de

210 2311 399 2359 morte
424 2303 753 2360 voluntaria
782 2303 961 2360 locus.
1015 2303 1174 2360 Nam
1198 2322 1333 2359 cum
1358 2302 1593 2376 utrique
1615 2320 1846 2357 summa
1869 2320 1958 2358 re-

211 2417 340 2454 rum
366 2406 628 2455 vertatur
650 2400 709 2454 in
732 2399 983 2455 Naturae
1015 2399 1279 2472 rurisque
1309 2397 1623 2464 miraculiS,
1644 2398 1958 2454 statuimus

213 2502 427 2559 tamen,
459 2513 562 2568 pro
594 2495 751 2550 vario
792 2502 913 2550 tam
957 2493 1170 2550 indolis
1209 2512 1386 2567 quam
1417 2494 1783 2549 fortunarum
1815 2512 1959 2567 quo-

210 2609 324 2663 que
351 2609 583 2666 genere,
603 2591 816 2646 mirum
842 2597 1127 2664 quantum
1159 2591 1314 2646 inter
1336 2609 1398 2646 se
1422 2590 1637 2646 distare
1667 2590 1958 2646 maximos

213 2687 381 2751 viros,
406 2705 473 2742 ac
504 2686 908 2742 diversissimis
937 2685 1110 2760 plane
1142 2685 1325 2742 oculis
1355 2686 1591 2742 easdem
1635 2704 1727 2741 res
1772 2684 1958 2741 solere

210 2782 612 2857 contemplari.
730 2782 1074 2839 Lucretium
1134 2782 1426 2847 videlicet,
1486 2789 1797 2856 postquam
1856 2782 1959 2838 diu

210 2877 582 2952 multumque
602 2878 971 2934 desudaverit
994 2878 1055 2933 in
1084 2878 1438 2952 acquirenda
1456 2878 1719 2944 veritate,
1740 2877 1954 2945 fructU‚

211 2980 278 3028 ut
321 2974 429 3047 ipsi
474 2974 712 3048 quidem
756 2973 1080 3040 videbatur,
1113 2973 1207 3030 vel
1251 2973 1413 3030 nullo
1459 2973 1553 3028 vel
1597 2974 1829 3049 exigu0‚
1867 2993 1956 3030 re-

211 3069 404 3143 cipere
434 3088 495 3125 se
525 3070 763 3126 tandem
796 3069 969 3143 plane
1011 3069 1304 3125 defessum
1348 3070 1407 3125 in
1452 3088 1661 3126 arcana
1692 3071 1952 3138 Naturae,

212 3163 376 3219 velut
420 3165 481 3219 in
524 3171 761 3238 portum
806 3163 1078 3237 aliquem,
1116 3163 1216 3219 ubi
1261 3182 1322 3220 se
1365 3166 1438 3221 ad
1483 3172 1717 3239 tempus
1761 3163 1956 3220 delec-

211 3268 336 3315 tare
379 3261 562 3334 possit
601 3261 828 3336 magnis
873 3269 935 3315 et
975 3260 1253 3316 mirandis
1293 3261 1663 3336 imaginibUS,
1692 3260 1954 3334 undique

212 3355 587 3428 conquisitis;
632 3363 828 3430 atque,
859 3362 928 3411 ut
958 3355 1042 3411 ita
1071 3355 1280 3422 dicam,
1305 3356 1534 3413 fruatur
1563 3375 1668 3412 suo
1699 3356 1953 3430 quodam

212 3469 427 3525 genere
458 3452 835 3519 somniorum,
866 3452 926 3506 in
957 3452 1308 3508 immensum
1341 3459 1402 3508 et
1432 3452 1727 3508 infinitum
1758 3451 1954 3506 nescio
