2288 4036
308 1065 900 1134 PRAELECTIO
951 1065 1432 1132 VIGESIMA
1484 1065 1889 1130 TERTIA,

216 1554 538 1612 Ezpenduntur
569 1571 662 1613 quoe
693 1557 819 1600 habet
849 1557 1092 1612 AEschylus
1122 1556 1182 1598 ad
1209 1555 1392 1598 indolem
1428 1556 1669 1598 muliebrem
1690 1555 1982 1612 pertinentia,

273 1628 441 1683 partim
480 1643 531 1671 eoe
563 1629 637 1672 Ius
668 1643 858 1685 persona
897 1629 944 1671 in
978 1629 1230 1671 Prometheo
1269 1628 1437 1678 Vincta,
1475 1627 1700 1670 maoeimam
1737 1633 1911 1683 partem
1951 1641 1974 1669 e

282 1701 569 1758 SupplicibuS.

378 1868 502 1926 ΟΝ
542 1871 782 1927 defflere
815 1870 905 1926 vel
950 1869 1207 1943 antiquis
1250 1868 1616 1942 temporibus
1654 1867 1748 1924 vel
1792 1868 1974 1923 etiam

409 1966 637 2033 nostris,
657 1965 1021 2032 Academici,
1042 1965 1142 2039 qui
1160 1963 1439 2038 AEschylo
1462 1971 1662 2019 nostro
1689 1970 1974 2038 negarent

220 2060 460 2115 omnino
505 2062 822 2117 teneriores
865 2061 1045 2117 animi
1087 2077 1307 2125 sensus,
1339 2065 1653 2133 totumque
1694 2059 1752 2114 id
1789 2077 1975 2134 genus

219 2153 526 2221 scribendi,
547 2156 703 2230 quod
727 2157 789 2212 in
813 2156 1089 2212 foemineo
1111 2154 1330 2212 affectu
1353 2161 1532 2229 atque
1556 2156 1617 2210 in
1637 2155 1976 2211 domesticis

225 2257 484 2318 versatur
520 2252 792 2328 negotiis,
823 2252 1110 2326 curisque.
1199 2250 1359 2306 Illud
1390 2258 1531 2316 erat,
1564 2251 1784 2324 opinor,
1817 2251 1975 2325 quod

222 2344 617 2403 Athenienses
656 2348 915 2421 quidam,
944 2347 1178 2420 judices
1222 2364 1361 2402 sane
1405 2345 1628 2412 selecti,
1661 2347 1973 2402 vertebant

219 2441 274 2497 ei
304 2441 483 2509 viti03
526 2442 771 2498 minime
807 2442 971 2517 tangi
1015 2441 1090 2498 ab
1135 2460 1206 2497 eo
1250 2440 1447 2496 locum
1488 2440 1674 2507 illum,
1707 2442 1803 2514 qui
1850 2440 1974 2515 ple-

218 2535 411 2608 risque
441 2537 770 2593 uberrimus
794 2537 1043 2602 videtur,
1064 2536 1138 2591 de
1167 2535 1438 2591 infaustis
1466 2535 1783 2591 mulierum
1814 2555 1975 2592 amo-

218 2631 396 2687 ribuS.
464 2630 767 2688 Nimirum
788 2633 913 2706 ipse
928 2631 1044 2687 sibi
1073 2630 1304 2706 plaudit
1327 2630 1482 2705 apud
1506 2628 1969 2706 Aristophanem

220 2724 532 2800 AEschylus
543 2733 583 2791 ἢ,

394 2830 445 2873 οὗ
464 2831 524 2886 μὰ
544 2829 628 2882 Δί’,
650 2830 700 2873 οὐ
721 2830 908 2888 Φαίδρας
928 2830 1100 2875 ἐποίουν
1118 2832 1294 2888 πόρνας,
1315 2830 1415 2874 οὐδὲ
1437 2830 1706 2883 Σθενοβοίας,

395 2901 484 2944 οὐδ’
507 2899 584 2946 οἷδ’
608 2902 667 2947 εἷς
687 2902 737 2958 ἥν
756 2901 832 2946 τιν’
854 2901 906 2947 ἂν
926 2902 1095 2960 ἐρῶσαν
1113 2901 1275 2946 πώποτ’
1299 2901 1483 2957 ἐποίησα
1501 2904 1692 2960 γυναῖκα.

220 2996 395 3064 Quod
435 3002 640 3053 contra
681 2996 1010 3072 Euripides,
1040 3015 1366 3072 personam,
1398 2995 1593 3065 credO,
1622 3015 1833 3072 gerens
1873 3014 1970 3052 eo-

219 3109 366 3157 rum,
398 3092 497 3166 qui
536 3091 780 3148 audacia
822 3093 1009 3168 magis
1039 3111 1215 3166 quam
1260 3092 1546 3167 sapientia
1591 3092 1971 3149 dominaban-

220 3190 318 3239 tur
347 3193 488 3241 tunc
520 3187 800 3260 temporis
830 3187 891 3242 in
922 3185 1131 3243 Attico
1161 3186 1434 3252 TheatrO,

452 3291 512 3346 μὰ
534 3290 614 3343 Δί’,
636 3292 685 3336 οὐ
706 3293 788 3349 γὰρ
811 3293 915 3349 ἐπῆν
936 3295 1008 3349 τῆς
1029 3293 1290 3351 Ἀφροδίτης
1311 3292 1435 3336 οὐδέν
1456 3311 1546 3336 σοι.

927 3439 951 3463 ²
982 3433 1096 3476 Ran.
1126 3443 1255 3489 1075.
