2288 4036
222 178 329 231 758
641 176 1053 246 Viryilianorum
1081 174 1370 226 carminum
1394 173 1560 225 series.
1626 191 1787 226 PRAEL.
1806 191 2011 224 xxxvii.

221 325 405 382 iidem
455 326 656 382 animo
702 325 822 381 sint
869 322 1139 399 aegriore,
1183 321 1307 378 sive
1349 321 1427 378 ob
1460 327 1600 378 vota
1643 320 2014 397 imperfecta,

222 425 364 492 sive,
399 431 467 480 ut
498 424 583 480 ait
614 422 732 489 ille,

621 546 854 594 Quoniam
874 545 1025 589 medio
1048 545 1104 589 de
1125 546 1250 590 fonte
1270 547 1477 603 leporum

463 619 620 679 Surgit
642 619 781 664 amari
801 619 999 679 aliquod,
1022 619 1146 679 quod
1168 620 1217 664 in
1237 619 1347 678 ipsis
1369 619 1557 664 floribus
1578 626 1730 678 angat.

219 722 372 779 Tum
422 723 669 780 demum
715 724 776 780 in
818 723 1092 781 ardentia
1127 723 1310 782 verba
1347 743 1415 781 ac
1452 742 1629 782 voces
1673 729 2017 799 erumpunt,

220 841 359 879 cum
392 841 456 878 re
487 823 729 898 penitus
766 828 969 879 amata
1000 820 1096 878 vel
1128 829 1354 889 carent,
1386 820 1482 878 vel
1514 828 1677 878 certe
1707 819 1834 877 fore
1865 819 2018 878 arbi-

219 928 474 989 trantur,
507 928 576 977 ut
606 919 929 996 aliquando
961 939 1032 978 ea
1063 928 1325 978 careant.

309 1018 656 1095 Expendite
696 1038 858 1076 nunc
889 1018 1362 1097 Virgilianorum
1409 1019 1743 1077 carminum
1783 1018 2016 1076 seriem.

221 1117 426 1176 Primo
473 1138 613 1176 cum
661 1117 950 1176 Bucolica
994 1125 1302 1196 pangeret,
1335 1120 1439 1176 vix
1484 1125 1590 1176 aut
1633 1138 1711 1175 ne
1748 1117 1851 1175 vix
1888 1118 2018 1194 qui-

220 1219 360 1276 dem
419 1219 642 1296 praedia
701 1220 829 1295 ejus
886 1218 1254 1295 reliquerant
1313 1217 1557 1276 milites.
1666 1216 1924 1286 Deinde,
1984 1236 2020 1274 a

220 1317 532 1396 Georgicis
573 1338 695 1375 non
738 1318 939 1394 potuit
977 1318 1185 1376 abesse
1231 1318 1557 1376 tenerrima
1586 1316 1859 1394 quaedam
1890 1317 2019 1393 ejus

218 1416 364 1474 mali
409 1418 701 1474 memoria
721 1415 921 1488 z—(ut
966 1416 1115 1474 illud
1152 1417 1452 1485 omittam,
1486 1414 1747 1493 Neapoli
1782 1415 2020 1492 jamdiu

220 1526 368 1576 tunc
401 1518 688 1594 temporis
719 1536 859 1574 eum
896 1517 1216 1586 habitasse,
1249 1537 1445 1594 neque
1476 1517 1683 1575 multis
1712 1516 2020 1573 mensibus

219 1623 421 1673 amata
461 1614 678 1673 vidisse
723 1613 899 1692 loca.)
992 1613 1231 1672 Deinde
1275 1622 1594 1692 postquam
1642 1615 1717 1672 ad
1755 1612 2020 1673 AEneida

221 1715 598 1773 scribendam
651 1713 975 1790 impulerat
1023 1714 1217 1790 pudor
1261 1722 1324 1772 et
1371 1722 1578 1793 gratus
1629 1714 1692 1771 in
1736 1720 2020 1790 patronos

219 1814 471 1881 animus,
505 1813 906 1870 distinebatur
950 1819 1157 1870 tamen
1202 1813 1429 1871 invitus
1474 1833 1510 1871 a
1553 1831 1774 1891 genere
1821 1818 2023 1889 pasto-

220 1913 369 1983 rali;
424 1931 750 1989 omnesque
797 1914 948 1970 adeo
1003 1912 1115 1970 sibi
1168 1932 1405 1989 semper
1449 1913 1753 1989 quaerebat
1798 1911 2017 1980 exitus,

221 2031 586 2089 omnemque
635 2012 935 2089 captabat,
982 2020 1051 2070 ut
1097 2013 1183 2069 ita
1228 2012 1441 2080 dicam,
1487 2012 1639 2070 ruris
1690 2031 1759 2070 ac
1806 2010 2020 2088 patriae

221 2133 347 2172 suae
393 2131 620 2170 auram.
712 2111 801 2169 Ut
843 2112 945 2168 vix
988 2118 1155 2169 certo
1199 2111 1365 2179 sciaS,
1397 2118 1534 2169 utro
1576 2111 1840 2168 carmine
1885 2129 2021 2186 pro-

218 2212 354 2289 pius
394 2211 712 2269 accesserit
745 2211 819 2268 ad
851 2210 1067 2267 intima
1099 2208 1420 2267 Musarum
1465 2209 1793 2287 agrestium
1838 2227 2022 2285 pene-

220 2309 429 2367 tralia:
477 2329 645 2377 eone,
687 2329 805 2386 quo
852 2310 1007 2385 ipsas
1054 2309 1196 2366 data
1240 2307 1508 2366 celebrat
1553 2325 1767 2384 opera3
1812 2326 1890 2364 an
1927 2325 2018 2375 ec,

221 2428 340 2485 quo
372 2408 747 2467 creberrimis
784 2406 1114 2465 intervallis
1144 2407 1357 2483 recipit
1389 2426 1451 2465 se
1481 2407 1544 2464 in
1576 2425 1675 2464 eas
1720 2424 1755 2463 e
1798 2404 2019 2463 bellico

223 2506 512 2564 tumultu.
587 2505 891 2582 Utrinque
923 2512 1087 2564 certe
1119 2504 1396 2563 stimulos
1427 2503 1523 2562 vel
1552 2504 1888 2581 praecipuos
1918 2503 2018 2560 ad-

221 2607 433 2675 movit,
456 2606 518 2663 id
543 2606 702 2681 quod
728 2605 1008 2673 diximus,
1034 2604 1415 2662 desiderium.
1484 2602 1762 2670 Carebat,
1783 2621 1901 2678 quo
1925 2620 2022 2659 ca-

220 2724 352 2762 rere
384 2725 504 2762 non
535 2711 807 2781 poterat:
855 2703 1190 2761 absentiam
1221 2702 1359 2760 ideo
1391 2708 1573 2760 cantu
1605 2700 1861 2759 levabat.
