2288 4036
175 332 329 365 PRAEL.
345 331 509 362 xxxv,
542 312 755 362 Summa
780 326 948 360 eorum
973 326 1084 376 quae
1110 307 1169 358 de
1188 306 1420 357 Lucretio
1448 313 1565 356 sunt
1591 305 1742 356 dicta.
1822 307 1928 359 713

174 457 351 514 talem
400 454 632 510 virum?
694 453 893 527 ecquis
948 471 1064 506 non
1114 452 1344 506 veniam
1399 451 1595 524 potius
1643 449 1930 505 concedet

174 571 276 608 sua
319 550 676 608 collaudanti
720 547 919 623 paullo
963 546 1218 611 liberiuS,
1265 552 1504 621 propter
1555 545 1933 621 significatio-

172 666 306 703 nem
337 665 560 702 arcanae
592 651 653 700 et
684 644 923 718 optimae
949 641 1238 699 Naturae?

253 838 449 905 Quare
494 845 560 892 ut
607 823 865 892 breviter
907 853 977 890 ea
1025 840 1430 900 retractemUS,
1468 852 1597 906 quae
1651 832 1712 887 in
1764 830 1930 886 hodi-

169 953 308 991 erna
351 952 524 989 causa
568 941 704 987 sunt
750 932 943 987 dicta:
1006 930 1283 1004 quoniam
1328 929 1662 993 statuimus,
1710 926 1929 983 Lucre-

169 1031 319 1085 tium
362 1028 550 1102 primo
597 1027 862 1092 materie,
897 1026 1110 1081 deinde
1153 1043 1369 1100 genere
1401 1024 1633 1080 dicendi
1665 1030 1727 1079 et
1757 1042 1926 1098 argu-

167 1124 488 1187 mentandi,
521 1142 656 1178 cum
703 1140 901 1178 amore
934 1121 1189 1195 quodam
1235 1119 1521 1195 delegisse
1565 1120 1693 1186 sibi,
1737 1119 1927 1192 siquid

167 1221 500 1277 abstrusum
533 1225 675 1284 erat,
708 1219 755 1274 si
786 1218 927 1292 quid
962 1218 1337 1284 immensum,
1369 1217 1415 1272 si
1447 1216 1588 1289 quid
1618 1214 1795 1270 nullis
1825 1215 1928 1271 ob-

167 1323 401 1390 septum
432 1315 734 1371 terminis:
785 1314 967 1387 (quod
1011 1331 1199 1387 genus
1237 1331 1420 1382 unum
1454 1311 1718 1366 omnium
1763 1328 1929 1366 max-

166 1413 283 1467 ime
341 1429 643 1467 removere
703 1409 852 1465 solet
903 1409 1130 1464 animos
1181 1427 1216 1463 a
1266 1406 1493 1482 vulgari
1545 1412 1607 1462 et
1660 1405 1927 1480 populari

167 1508 348 1581 vitaz)
392 1512 681 1581 praeterea
710 1523 845 1560 cum
879 1522 976 1560 eas
1015 1503 1277 1577 undique
1318 1508 1579 1558 sectetur
1622 1502 1926 1576 imagineS,

167 1621 295 1676 quae
342 1610 469 1657 tum
514 1600 923 1675 magnitudine
968 1606 1099 1655 tum
1148 1604 1457 1654 venustate
1503 1598 1786 1671 impressa
1828 1616 1929 1672 ge-

166 1704 298 1753 rant
330 1696 611 1751 Numinis
643 1695 925 1769 vestigia3
969 1712 1222 1767 cumque
1253 1712 1323 1749 ea
1361 1692 1571 1748 fundat
1608 1698 1739 1747 tum
1783 1691 1929 1767 phy-

166 1795 418 1850 sicorum
467 1800 598 1848 tum
649 1791 1206 1848 mathematicorum
1259 1790 1439 1845 etiam
1492 1788 1743 1854 oracula,
1793 1807 1926 1862 quae

166 1907 396 1963 semper
433 1888 662 1963 erigant
699 1887 925 1943 animos
969 1886 1030 1940 in
1076 1886 1263 1959 spatia
1293 1884 1565 1957 quaedam
1599 1882 1836 1939 excelsa
1865 1889 1927 1939 et

167 1984 446 2040 obscura:
493 2001 610 2037 non
656 1982 768 2036 erit
814 2000 918 2036 cur
960 1981 1107 2036 adeo
1147 1979 1462 2044 miremini,
1494 1978 1691 2052 plures
1735 1978 1808 2033 ab
1839 1997 1926 2044 eo,

166 2098 339 2153 quam
394 2079 468 2134 ab
517 2078 675 2132 omni
726 2084 993 2132 veterum
1045 2076 1240 2140 chor0,
1294 2074 1655 2149 suppeditari
1709 2092 1927 2141 verSUS,

167 2175 265 2248 qui
317 2174 389 2230 ad
437 2192 577 2230 usus
620 2191 757 2228 vere
803 2172 1028 2228 divinos
1081 2171 1344 2228 adhiberi
1397 2171 1640 2244 possint.
1729 2169 1929 2237 Adeo,

168 2269 490 2344 Epicureus
536 2287 671 2324 cum
716 2275 888 2333 esset,
922 2277 984 2324 et
1015 2269 1210 2323 edicto
1255 2267 1510 2323 nationis
1555 2286 1671 2322 suae
1702 2272 1929 2321 vetare-

166 2371 278 2429 tur,
311 2383 385 2418 ne
420 2362 611 2418 Deum
646 2361 768 2418 ulla
798 2362 1113 2417 formidine
1158 2362 1399 2428 coleret,
1431 2369 1641 2435 sponte
1675 2381 1736 2417 se
1767 2379 1925 2417 rece-

167 2460 255 2533 pit
283 2459 344 2514 in
369 2458 623 2514 Naturae
652 2475 929 2523 recessus,
955 2464 1132 2530 atque
1163 2458 1224 2512 in
1256 2457 1531 2513 obscuras
1565 2457 1926 2512 infinitarum

167 2573 361 2609 rerum
390 2554 679 2608 notioneS.
769 2552 863 2607 Ex
892 2552 1002 2608 hac
1033 2552 1234 2626 itaque
1269 2553 1517 2608 materia
1548 2552 1769 2608 dolavit
1816 2553 1926 2608 sibi

167 2648 492 2724 religiones,
525 2647 726 2721 quales
762 2654 1034 2721 poterat.v
1094 2647 1362 2721 Adytum
1396 2647 1672 2703 videlicet
1707 2648 1926 2703 intrare

166 2763 284 2800 non
314 2763 504 2814 ausus,
531 2743 762 2799 errabat
794 2742 1229 2816 quodammodo
1263 2743 1417 2798 circa
1447 2742 1599 2799 fores
1630 2750 1691 2799 et
1723 2742 1927 2799 limina

167 2840 309 2912 eJ'US,
341 2858 477 2894 cum
506 2857 757 2894 moerore
787 2845 848 2893 et
880 2837 1184 2903 desideriO,

402 2978 718 3036 Tendebatque
739 2992 899 3021 manus
921 2978 1028 3034 ripae
1050 2979 1270 3023 ulterioris
1292 2994 1454 3022 amore.

253 3106 432 3162 Hunc
478 3106 730 3180 denique
777 3104 977 3175 (modo
1023 3107 1098 3162 sit
1143 3109 1454 3182 auguranti
1500 3109 1693 3184 venia)
1736 3108 1925 3164 voluit

170 3199 343 3257 DEUs
380 3200 528 3257 OPT.
576 3200 760 3256 MAx.
804 3201 1017 3274 insigni
1071 3201 1195 3257 fore
1247 3203 1619 3269 document0‚
1669 3222 1923 3277 quonam

168 3296 540 3368 potissimum
583 3297 644 3351 in
689 3314 934 3351 numero
980 3297 1056 3352 sit
1100 3297 1370 3353 habenda
1400 3306 1529 3352 tum
1561 3299 1749 3353 omnis
1794 3299 1924 3354 haec

169 3390 356 3446 forma
400 3397 461 3446 et
504 3390 683 3446 facies
727 3390 951 3456 mundi,
983 3399 1112 3446 tum
1157 3390 1259 3447 illa
1301 3393 1623 3466 praesertim
1671 3392 1924 3448 Poeseos

170 3503 318 3558 pam,
350 3504 476 3559 quae
507 3504 641 3541 cum
674 3486 878 3540 eadem
912 3486 1237 3541 arctissime
1267 3487 1659 3562 conjungitur.
1735 3486 1924 3543 Nem-

172 3598 260 3653 pe,
301 3580 522 3653 pietate
566 3581 827 3635 nondum
873 3582 1123 3658 cognita,
1164 3600 1349 3656 genus
1400 3581 1511 3638 hoc
1564 3602 1737 3638 omne
1787 3601 1924 3638 con-
