2288 4036
282 185 391 241 '768
491 188 838 257 Propriorusm
865 188 942 239 vis
967 187 1025 238 in
1054 188 1281 240 Pictura
1313 188 1631 259 Viryiliana.
1674 207 2075 243 pazenxxxvm.

518 330 623 379 Qua
644 331 774 389 niger
794 329 1027 375 humectat
1042 330 1259 374 ‘flaventia
1281 331 1403 375 culta
1429 331 1631 383 Galesus,

520 404 752 462 Corycium
774 403 941 448 vidisse
966 419 1119 448 senem
1140 421 1149 448 :

271 510 335 560 et
389 522 521 578 quae
569 510 921 578 sequuntur,
975 502 1289 559 notissima
1349 501 1644 559 omnibus.
1737 502 1810 560 Id
1866 511 2072 562 autem

270 600 764 658 animadvertatis
785 599 967 657 velim
991 601 1054 657 in
1072 600 1427 659 mollissimo
1457 599 1563 658 illo
1587 603 1869 671 carmine,
1892 622 2071 679 quam

270 699 389 755 vim
425 698 688 756 habeant
730 697 863 755 loca
911 700 1032 756 suis
1079 698 1387 757 vocabulis
1428 700 1680 777 signata.
1773 698 2074 759 Praestant

268 797 555 852 nimirum
616 795 925 852 historiam
995 795 1246 852 minime
1307 796 1824 854 commentitiam:
1893 796 2072 873 plane

271 894 429 952 sicut
473 894 534 950 in
581 893 696 950 hoc
744 894 1095 969 quotidiano
1141 911 1416 950 sermone
1465 899 1599 949 tum
1645 893 1892 951 demum
1941 913 2074 951 nar-

268 994 423 1051 ranti
470 992 753 1059 creditur,
786 1011 925 1049 cum
971 1011 1065 1050 res
1097 1011 1350 1068 quaeque
1397 991 1909 1050 circumscribitur
1953 994 2074 1050 suis

268 1099 332 1149 et
361 1092 523 1149 horis
555 1099 618 1149 et
648 1090 1011 1168 regionibus.
1103 1088 1313 1166 Atque
1344 1110 1416 1148 ea
1446 1108 1540 1148 res
1580 1091 1808 1166 pendet
1840 1110 1916 1148 ex
1948 1090 2074 1149 sola

267 1190 580 1248 mentione
617 1191 970 1248 nominum:
1018 1189 1347 1247 accedente
1379 1188 1629 1257 scilicet,
1662 1180 1890 1246 cumuli
1920 1189 2071 1258 loc0‚

266 1290 522 1373 siquod
572 1289 801 1347 habent
855 1288 1091 1366 singula
1140 1288 1302 1364 quod
1351 1288 1577 1345 eximie
1625 1287 1901 1365 placeat3
1949 1291 2074 1347 sive

267 1389 642 1457 amoenitate,
673 1407 779 1446 seu
812 1406 1013 1445 rerum
1045 1394 1354 1465 gestarum
1387 1387 1697 1455 memoria,
1730 1387 1854 1444 sive
1887 1385 2072 1463 (quod

266 1489 381 1545 erit
413 1489 601 1545 instar
632 1487 930 1561 omnium)
964 1493 1342 1544 sacrosancta
1371 1485 1681 1564 religione.

352 1586 685 1664 Pergamus
716 1586 791 1643 ad
823 1584 1003 1643 aliam
1035 1586 1353 1662 picturam,
1386 1585 1557 1661 cujus
1587 1583 2071 1661 pulchritudiniS,

262 1704 364 1743 me
417 1683 663 1760 quidem
714 1684 941 1760 judice,
992 1703 1127 1761 pars
1176 1703 1297 1742 non
1356 1683 1609 1741 minima
1658 1682 1916 1740 debetur
1966 1701 2073 1739 no-

262 1783 529 1841 minibus
572 1782 842 1839 locorum
890 1783 1006 1839 rite
1052 1802 1121 1840 ac
1158 1782 1437 1860 gnaviter
1480 1782 1736 1859 injectis
1828 1781 2069 1856 Nempe

262 1884 401 1941 ubiX
449 1881 803 1958 “pastorale
847 1882 1086 1959 signum
1132 1881 1300 1939 cani'’
1346 1887 1548 1938 narrat
1594 1881 1669 1938 ab
1709 1899 1830 1938 una
1870 1878 2072 1955 aliqua

264 1979 599 2047 Furiarum,
642 1978 979 2037 “Tartarea
1019 1998 1182 2047 voce,
1216 1998 1335 2054 qua
1378 1979 1652 2055 protinus
1699 1996 1879 2035 omne
1911 1975 2071 2034 Con-

262 2079 514 2135 tremuit
559 2096 774 2135 nemus
806 2085 868 2134 et
902 2077 1087 2154 sylvae
1119 2077 1438 2134 intonuere
1468 2075 1784 2153 profundae
1806 2074 1852 2131 :”
1899 2074 2070 2149 quid-

261 2196 401 2235 nam
434 2177 617 2234 fuisse
656 2176 716 2232 in
749 2196 929 2235 causa
959 2177 1339 2245 existimatis,
1371 2195 1478 2234 cur
1515 2175 1695 2252 hujus
1727 2181 1790 2232 et
1821 2173 2068 2231 alterius

260 2274 466 2353 anguli
498 2293 721 2332 nomen
753 2274 1101 2332 addiderit?

503 2390 663 2436 Audiit
683 2397 727 2435 et
749 2391 910 2435 Trivioe
932 2391 1070 2449 longe
1090 2391 1232 2443 lacus,
1256 2389 1399 2435 audiit
1422 2390 1568 2435 amnis

504 2465 718 2510 Sulfurea
739 2466 842 2508 Nar
862 2464 994 2509 albus
1016 2479 1147 2524 aqua,
1170 2464 1412 2524 fontesque
1441 2465 1599 2509 Velini.

258 2570 471 2648 Atque
517 2591 779 2650 auguror
821 2571 1103 2647 equidem
1146 2570 1481 2628 certissima
1528 2570 1891 2646 conjectura,
1939 2567 2065 2625 fore

256 2679 327 2728 ut
372 2672 430 2728 in
480 2671 593 2729 hac
639 2689 703 2728 re
748 2670 1000 2728 mirifice
1042 2689 1105 2727 se
1150 2670 1324 2727 nobis
1369 2669 1758 2727 commendet
1794 2667 2065 2745 ingenio-

257 2771 472 2829 sissimi
507 2770 714 2828 Poetae
751 2769 1086 2838 consilium,
1130 2769 1312 2827 modo
1361 2768 1550 2826 oculis
1593 2786 1837 2825 cernere
1883 2765 2063 2823 liceat

255 2872 384 2947 ipsa
428 2870 578 2938 loca,
624 2869 945 2928 intervalla
989 2870 1208 2938 metiri,
1257 2887 1540 2926 sonorum
1590 2867 1758 2943 quasi
1810 2865 2062 2943 vestigia

256 2971 459 3028 venari
496 2990 604 3046 per
634 2970 892 3048 rupium,
926 2988 1262 3034 nemorum,
1296 2966 1657 3025 torrentium
1694 2965 2016 3022 anfractus.

340 3066 439 3126 Ac
479 3069 625 3126 mihi
671 3069 915 3145 quidem
963 3067 1286 3144 aliquando
1329 3066 1495 3124 venit
1540 3066 1602 3122 in
1648 3070 1936 3130 mentem,
1980 3081 2057 3119 an

254 3166 347 3226 his
393 3167 663 3226 versibus
709 3167 1044 3246 significare
1087 3165 1346 3223 voluerit
1390 3163 1598 3230 Poeta,
1643 3161 1705 3218 id
1748 3160 1907 3236 quod
1946 3178 2059 3217 usu

255 3267 461 3323 venire
492 3267 662 3324 aiunt
699 3266 770 3324 iis
802 3266 905 3342 qui
937 3264 1250 3322 latioribus
1282 3263 1489 3340 spatiis
1519 3266 1927 3326 assueverunt,
1962 3256 2058 3315 vel

256 3365 577 3424 maritimis
653 3364 749 3421 vel
815 3363 1194 3432 fluvialibus;
1270 3361 1609 3419 mirandum
1676 3359 1738 3415 in
1806 3356 2056 3414 modum

1011 3546 1035 3569 ¹
1058 3539 1172 3581 AEn.
1199 3548 1240 3595 7.
1266 3547 1368 3594 513.
