2288 4036
398 194 511 249 608
684 194 1022 266 Hippolytus,
1039 194 1157 265 pioe
1182 194 1500 247 castimoniae
1527 193 1802 264 exemplar.
1865 213 2026 246 PRAEL.
2051 214 2204 246 xxm.

489 342 679 399 Porro
722 341 825 418 qui
874 338 1281 418 Hippolytum
1331 338 1424 396 vel
1470 340 1663 397 amice
1709 339 2056 409 admonent,
2090 339 2204 407 vel,

400 448 472 500 ut
518 441 705 499 iratus
749 447 940 517 pater,
970 444 1227 496 onerant
1263 437 1565 505 conviciis,
1598 438 1802 496 videte
1847 458 1923 496 an
1965 438 2207 515 utrique

400 541 464 597 in
508 539 723 598 iisdem
763 544 1079 597 versentur
1121 537 1288 607 lociS,
1317 537 1537 614 quibus
1581 536 1762 595 hodie
1791 557 2033 614 quoque
2063 556 2208 596 vex-

398 645 581 696 antur
631 638 734 714 qui
798 637 1092 714 pietatem
1150 637 1510 695 severiorem
1566 635 1795 694 colunt.
1886 635 2208 713 PrincipiO,

401 737 669 814 prudens
699 737 868 794 venit
898 735 1161 794 famulus
1181 742 1241 793 q:

611 849 730 898 οἶσθ’
754 851 832 898 οὖν
851 853 1087 911 βροτοῖσιν
1108 850 1157 898 ὃς
1179 850 1446 908 καθέστηκεν
1467 855 1599 909 νόμος
1616 870 1630 904 ;

613 928 762 984 μισεῖν
794 926 858 971 τὸ
901 944 1147 984 σεμνον,
1181 926 1252 970 καὶ
1283 926 1346 970 τὸ
1388 924 1459 983 μὴ
1502 928 1695 970 πᾶσιν
1737 925 1939 984 φίλον.

405 1025 563 1083 Mox
607 1025 686 1084 ab
732 1026 967 1084 infenso
1002 1025 1240 1084 Theseo
1283 1025 1556 1102 jactatur
1600 1031 1664 1082 et
1710 1023 1862 1082 illud
1908 1024 2210 1101 opprobrii

402 1123 555 1194 1000,
576 1125 828 1203 jejuniis
858 1126 950 1183 uti
982 1144 1124 1183 eum
1155 1124 1464 1202 religionis
1495 1132 1697 1202 ergo'.

645 1249 706 1294 σὺ
728 1248 780 1306 δὴ
804 1248 989 1302 θεοῖσιν,
1008 1249 1071 1295 ὡς
1089 1248 1311 1307 περισσὸς
1332 1248 1391 1293 ὢν
1411 1247 1534 1307 ἀνὴρ,

642 1322 790 1383 §savem
825 1323 884 1369 σὺ
907 1325 1106 1383 σώφρων
1127 1322 1197 1367 καὶ
1220 1327 1361 1367 κακῶν
1381 1320 1597 1379 ἀκήρατος
1610 1340 1641 1375 ;.
1661 1357 1670 1367 .
1691 1357 1702 1365 .
1720 1356 1731 1367 .

642 1398 726 1455 ἤδη
749 1416 825 1442 νυν
846 1400 987 1456 αὔχει,
1011 1397 1082 1441 καὶ
1104 1395 1158 1442 δι’
1181 1395 1367 1456 α’ψύχου
1388 1398 1531 1455 βορᾶς

643 1470 790 1517 σίτοις
810 1469 1035 1528 καπήλευ’·
1066 1469 1242 1529 Ὀρώέα
1263 1469 1299 1515 τ’
1323 1468 1467 1516 ἄνακτ’
1491 1470 1606 1529 ἔχων

642 1543 850 1604 βάκχευε,
872 1547 1058 1590 πολλῶν
1077 1543 1345 1604 γραμμάτων
1365 1549 1501 1603 τιμῶν
1522 1541 1723 1590 καπνούς·

646 1618 743 1664 ἐπεί
761 1617 803 1678 γ’
825 1617 1041 1679 ε’λῆφθης.

487 1724 633 1784 Jam
664 1744 742 1783 ne
778 1726 1009 1803 putetis
1041 1724 1449 1803 Hippolytum
1495 1723 1748 1801 proponi
1794 1722 1857 1780 in
1902 1722 2214 1799 exemplar

404 1833 787 1902 praeposterae
828 1823 1146 1902 cujusdam
1199 1823 1419 1882 indolis
1464 1843 1535 1882 ac
1580 1819 1758 1901 plane
1806 1823 2080 1891 vitandae,
2128 1821 2215 1878 vi-

404 1925 548 1983 dete
584 1945 704 2002 quo
750 1925 920 2001 quasi
960 1923 1143 1983 melle
1188 1922 1444 2002 scriptor
1487 1930 1798 1982 austerum
1832 1921 1965 1989 ἦθος
2009 1921 2214 1979 condi-

403 2024 540 2082 erit.
630 2022 782 2093 Quis
813 2024 1043 2101 pietate
1072 2025 1135 2081 in
1166 2030 1404 2101 patrem
1432 2022 1674 2101 gravior
1692 2030 1712 2057 ὃ
1730 2021 1759 2080 2

708 2139 763 2183 οὔ
783 2138 869 2197 μὴν
889 2138 1055 2198 φῖλους
1073 2157 1142 2199 γε,
1165 2137 1262 2183 κᾶτὶ
1280 2140 1455 2197 μᾶλλον
1475 2137 1500 2196 ἢ
1522 2137 1690 2198 φίλους

709 2210 917 2270 κρύπτειν
937 2212 1104 2258 δίκαιον
1124 2213 1224 2266 σὰς,
1245 2211 1400 2271 πάτερ,
1422 2211 1713 2271 δυσπραξίας.

403 2308 642 2367 Theseo
680 2308 943 2385 denique
975 2309 1073 2367 vel
1114 2310 1510 2368 moribundus
1554 2328 1676 2367 non
1721 2309 1903 2367 modo
1948 2327 2070 2366 non
2106 2327 2214 2366 ex-

409 2408 655 2485 probrat
705 2406 970 2484 injuriaS,
1027 2427 1236 2466 verum
1298 2408 1484 2466 etiam
1544 2409 1736 2486 magis
1796 2415 2216 2466 commovetur

405 2507 538 2584 ejus
568 2506 793 2577 dolore,
824 2526 1008 2583 quam
1039 2524 1148 2565 suo
1179 2527 1429 2585 corpore
1459 2507 1619 2566 male
1650 2506 1920 2566 mulcato
1938 2507 1976 2565 t.

709 2622 874 2685 ᾤμωξα
894 2625 1041 2670 τοῖνυν
1063 2626 1133 2670 καὶ
1153 2626 1321 2685 πατρὸς
1341 2626 1629 2684 δυσπραξίας.

636 2705 690 2744 A.
714 2697 963 2757 ἐξηπατήθη
988 2699 1193 2756 δαίμονος
1211 2698 1531 2758 βουλεύμασιν.

655 2779 692 2817 1.
717 2771 752 2817 ὦ
773 2771 1000 2820 δυστάλας
1021 2773 1080 2819 σὺ
1101 2773 1239 2831 τῆσδε
1258 2774 1514 2832 συμφορᾶς,
1534 2772 1687 2833 πατέρ·

710 2845 855 2892 στένω
877 2866 932 2892 σε
952 2849 1126 2906 μᾶλλον
1145 2850 1176 2905 ἤ
1192 2866 1263 2906 με,
1285 2850 1363 2905 τῆς
1382 2846 1609 2906 ἁμαρτίας.

498 2949 686 3008 Porro
731 2958 940 3010 autem
985 2959 1056 3010 ut
1099 2953 1162 3010 111
1209 2951 1550 3030 Hippolyto
1598 2950 1984 3018 castimoniae,
2022 2949 2105 3008 sic
2150 2949 2213 3007 in

411 3047 563 3106 Ione
614 3048 824 3108 laudes
877 3058 1178 3109 canuntur
1232 3051 1574 3109 solitudinis
1626 3050 1755 3126 ejus
1807 3068 1876 3107 ac
1929 3068 2213 3118 recessuS‚

408 3166 532 3224 quo
577 3148 695 3205 frui
739 3147 954 3217 solent,
1000 3151 1106 3227 qui
1158 3157 1455 3227 perpetuo
1501 3155 1815 3206 versantur
1860 3148 1924 3205 111
1968 3147 2213 3224 templis

408 3247 802 3305 sacrosanctis
846 3254 1031 3325 atque
1075 3247 1140 3305 111
1182 3267 1248 3306 re
1287 3245 1505 3314 divina,
1538 3246 1834 3323 siquidem
1871 3245 1954 3322 pii
1993 3245 2213 3303 sancti-

407 3363 528 3420 que
556 3351 701 3403 sunt
730 3345 1023 3405 homines,
1116 3345 1322 3404 Primo
1358 3365 1537 3403 mane
1560 3344 1831 3422 accingit
1871 3363 1936 3402 se
1968 3344 2212 3421 juvenis

436 3557 462 3589 ‘1
485 3550 627 3609 Hipp.
650 3564 724 3610 91.
907 3559 930 3581 ἱ
951 3552 1067 3597 Ibid.
1091 3552 1196 3611 961.
1393 3560 1413 3583 s
1434 3551 1551 3597 Ibid.
1575 3563 1680 3611 972.
1865 3551 1883 3582 t
1904 3550 2020 3595 Ibid.
2048 3564 2179 3606 1422.
