2288 4036
381 174 492 228 446
761 176 1019 228 Lamenta
1044 170 1108 225 ab
1131 171 1197 224 Io
1222 170 1310 224 edi
1334 187 1449 223 vere
1468 169 1738 240 puellaria
1754 189 1771 221 .·
1850 187 2012 222 PRAEL.
2032 188 2186 221 xxm.

381 316 470 387 Io,
506 327 654 394 vaga
697 315 875 394 plane
910 334 1033 372 non
1062 331 1194 371 esse
1238 332 1361 370 non
1406 314 1611 390 possit.
1704 312 1827 371 Sed
1866 311 2177 383 Horatius,

376 416 575 484 credo,
604 435 807 495 vagam
855 412 1145 490 intelligit
1182 418 1463 478 nontam
1508 411 1656 471 locis
1687 431 1869 488 quam
1913 413 2179 471 moribus

375 533 446 572 ac
493 514 736 572 vivendi
788 513 1054 570 ratione:
1109 510 1379 587 alioquin
1424 510 1586 568 haud
1631 511 1789 568 bene
1827 512 2178 569 conveniret

374 614 504 690 ejus
551 613 783 671 mentio
830 631 971 669 cum
1023 609 1278 678 caeteriS,
1322 628 1473 686 quos
1517 610 1699 668 modo
1744 611 2038 668 nominari
2076 630 2181 668 au-

374 712 581 770 distis:
627 730 886 788 quorum
923 709 1022 768 hic
1067 708 1352 786 perfiduS,
1396 708 1501 767 ille
1545 709 1753 778 tristia
1786 709 1977 767 altera
2006 710 2176 767 ferox

372 816 438 868 et
473 810 715 876 invicta,
754 827 963 866 omnes
993 808 1070 866 ab
1100 806 1305 865 indole
1335 826 1458 865 non
1499 825 1536 865 a
1572 807 1828 866 fortunis
1872 807 2179 885 appellan-

373 916 490 965 tur.
582 906 884 964 Praeterea
931 925 1073 964 cum
1124 924 1325 975 nem0,
1370 907 1533 982 quod
1577 907 1784 978 sciam,
1829 907 2179 984 Tragoedus,

372 1011 597 1082 praeter
632 1003 1008 1082 AEschylum‚
1049 1005 1125 1062 de
1164 1003 1415 1063 Inachia
1457 1004 1662 1082 puella
1705 1006 2027 1075 cecinerit3
2075 1007 2178 1063 vix

370 1103 650 1162 dubitem
694 1101 843 1179 quin
891 1103 969 1160 ad
1014 1103 1143 1179 ejus
1186 1102 1556 1162 Promethea
1602 1105 1936 1181 respexerit
1982 1103 2179 1162 Hora-

372 1202 515 1272 tius,
557 1220 698 1259 cum
747 1201 900 1259 illud
954 1209 1333 1279 praeceptum
1379 1203 1609 1261 ederet.
1706 1203 1935 1273 Quidni
1976 1203 2178 1281 igitur,

369 1307 545 1359 tanto
575 1307 823 1359 auctore
855 1300 1012 1371 freti,
1033 1302 1323 1360 audacter
1352 1301 1737 1371 affirmemuS,
1759 1322 1974 1381 vagam
1996 1303 2176 1360 istam

368 1397 637 1474 puellam
689 1398 963 1457 adhiberi
1015 1401 1285 1477 potuisse
1340 1401 1419 1459 ab
1465 1400 1770 1479 AEschylo‚
1825 1400 2176 1459 documenti

370 1494 524 1565 1060,
550 1517 669 1575 qua
698 1498 820 1557 sint
851 1499 1248 1559 conditione
1220 1500 1512 1577 juniores,
1535 1501 1803 1559 accensis
1832 1501 1896 1558 in
1924 1498 2178 1577 praealta

367 1617 442 1656 ac
474 1598 668 1656 vetita
695 1598 948 1657 animis.
931 1598 954 1641 2

457 1694 604 1754 Non
643 1715 766 1773 quo
808 1702 1040 1773 putem,
1081 1695 1444 1755 miserandae
1485 1696 1704 1774 virgini
1750 1703 1959 1755 notam
1986 1696 2179 1774 turpi-

366 1795 598 1854 tudinis
626 1794 882 1872 alicujus
905 1794 1064 1853 inuri
1090 1795 1333 1855 debere.
1402 1794 1646 1873 Quippe
1677 1796 1875 1874 spargi
1907 1796 2084 1854 video
2114 1797 2178 1853 in

365 1895 498 1972 ejus
542 1914 849 1954 sermones
890 1894 1115 1953 indicia
1154 1914 1278 1954 non
1310 1895 1496 1955 dubia
1534 1896 1780 1972 pudoris
1811 1914 1953 1954 vere
1983 1895 2178 1953 foemi-

365 1995 485 2053 nei.
577 1994 783 2053 Primo
822 1994 985 2072 quod
1029 1994 1093 2052 in
1132 1995 1378 2053 auribus
1423 1994 1522 2052 vel
1563 1995 1941 2053 amicissimis
1985 1995 2176 2053 invita

363 2095 618 2172 deponit
650 2095 823 2171 quasi
855 2112 1007 2152 onus
1037 2112 1447 2152 aerumnarum
1480 2088 1786 2152 suarumh:

976 2218 1117 2263 καίτοι
1139 2218 1210 2263 καὶ
1230 2216 1413 2278 λέγουσ’
1439 2215 1706 2277 αἷσχῦνομαι

728 2292 981 2339 θεόσσυτον
1000 2297 1210 2351 χειμῶνα,
1234 2292 1305 2337 καὶ
1327 2291 1576 2351 διάφθοραν

727 2368 922 2425 μορφῆς,
945 2365 1047 2412 ὅθεν
1065 2385 1142 2425 μοι
1164 2365 1355 2426 σχετλίᾳ
1376 2364 1678 2423 προσέπτατο.

365 2478 562 2556 Atqui
599 2480 865 2538 narranti
905 2478 1075 2538 nulla
1116 2497 1358 2556 prorsus
1399 2478 1674 2537 haerebat
1714 2475 1996 2545 infamia3
2042 2483 2176 2535 tan-

361 2586 496 2637 tum
543 2580 748 2638 nescio
788 2599 908 2656 qua
952 2578 1244 2657 religione
1289 2577 1633 2656 refugiebat
1675 2577 1931 2645 animUS,
1970 2577 2175 2634 oculo-

363 2699 499 2737 rum
532 2686 595 2736 et
626 2678 778 2737 lucis
809 2679 1153 2755 impatiens,
1706 2673 1710 2677 ⁴

450 2778 691 2837 Deinde
721 2779 826 2836 ubi
852 2796 1093 2836 cursum
1124 2777 1509 2855 prosequitur
1540 2775 1789 2833 infausti
1820 2773 1982 2831 illius
2006 2793 2175 2831 amo-

363 2879 458 2945 ris,
487 2897 568 2935 an
613 2878 831 2936 somnii
869 2878 1084 2945 dicam,
1117 2883 1320 2935 narrat
1348 2895 1432 2944 se,
1465 2895 1587 2952 qua
1625 2875 1832 2933 decuit
1875 2874 2174 2931 modestia

363 2977 525 3053 piam
582 2984 646 3034 et
699 2977 982 3053 pudicam
1031 2975 1237 3045 filiam,
1286 2974 1439 3032 nihil
1493 2975 1741 3032 omnino
1793 2971 2019 3031 celasse
2070 2990 2174 3048 pa-

364 3082 521 3133 trem
536 3085 573 3133 ¹:

971 3157 1121 3201 πάσας
1142 3156 1363 3215 εὐφρόνας
1383 3154 1582 3213 ὀνείρασι

726 3230 989 3287 ξυνειχόμην
1012 3228 1241 3285 δύστηνος,
1264 3229 1308 3275 ἔς
1329 3247 1378 3272 τε
1399 3226 1452 3284 δὴ
1473 3227 1608 3284 πατρὶ

726 3302 858 3358 ἔτλην
877 3304 1086 3360 γεγωνεῖν
1108 3300 1348 3359 νυκτίφοιτ’
1372 3300 1587 3359 ὀνείρατα.

362 3407 587 3483 Neque
624 3407 683 3463 id
716 3405 1001 3463 abhorret
1033 3425 1068 3462 a
1098 3404 1377 3483 religioso
1409 3404 1661 3481 pudore,
1694 3403 1853 3478 quod
1888 3400 2165 3460 deflendo

661 3607 690 3638 Β
722 3608 873 3651 Prom.
901 3606 1005 3665 643.
1576 3604 1584 3629 ¹
1618 3604 1733 3650 Ibid.
1758 3602 1862 3663 656.
