2288 4036
251 1167 865 1242 PRAELECTIO
926 1173 1497 1242 TRIGESIMA
1559 1170 2047 1241 SECUNDA.

246 1692 364 1749 Ejus
390 1693 591 1747 Poeseos,
616 1710 710 1753 qnae
733 1694 794 1739 ad
812 1699 1020 1738 naturam
1043 1693 1257 1752 pertinet,
1271 1693 1461 1752 ponitur
1478 1694 1711 1752 proecipna
1734 1693 1933 1753 quaedam
1945 1708 2059 1753 par-

311 1767 427 1820 titio,
450 1767 571 1812 datis
601 1769 649 1813 in
679 1769 897 1828 specimen
919 1769 1022 1813 hinc
1043 1768 1272 1822 Lucretio,
1294 1769 1421 1813 illinc
1449 1768 1655 1826 Viryilio.
1719 1768 1933 1813 Lucretio
1965 1782 2062 1812 cnm

300 1839 467 1897 primis
488 1842 687 1899 plaeere,
718 1841 871 1900 siquid
900 1842 1030 1886 habet
1062 1842 1220 1886 arcani
1251 1847 1294 1886 et
1324 1842 1491 1899 infiniti
1520 1842 1702 1886 Natura
1714 1859 1729 1895 3
1763 1840 1940 1885 aetheris
1971 1846 2062 1884 tum

307 1916 460 1972 spatia
496 1922 587 1960 tum
621 1917 856 1961 candorem
871 1936 893 1967 ,·
938 1922 1165 1961 ventorum
1204 1922 1336 1976 atque
1373 1917 1487 1961 lucis
1521 1917 1822 1961 mobilitatem.
1888 1914 2064 1960 Exinde

312 1989 543 2034 adamasse
563 2006 658 2035 enm
678 1991 874 2049 Epicuri
894 1992 1125 2035 rationem.

255 2140 383 2286 N
411 2135 538 2197 ΟΝ
595 2158 727 2197 sum
781 2140 1035 2208 nesciuS‚
1083 2137 1461 2208 Academici,
1509 2137 1889 2198 subtiliorem
1935 2136 2064 2214 ple-

451 2258 709 2316 rumque
751 2258 880 2298 esse
926 2259 995 2297 ac
1037 2239 1377 2297 tenuiorem
1424 2239 1798 2316 poeticarum
1844 2237 2062 2294 harum

251 2336 602 2396 deliciarum
648 2339 963 2406 rationem,
1017 2358 1200 2415 quam
1247 2357 1378 2415 quae
1425 2337 1602 2396 facile
1648 2343 1814 2396 certa
1862 2335 2064 2412 aliqua

252 2437 527 2506 formula,
560 2438 833 2497 verbisve
865 2439 1176 2516 conceptis
1208 2437 1504 2496 contineri
1540 2437 1741 2514 possit.
1834 2436 2065 2494 Occur-

253 2539 332 2595 rit
356 2537 641 2597 videlicet
666 2558 909 2615 quoquo
941 2545 1004 2597 te
1028 2544 1228 2597 vertas
1258 2537 1427 2606 illud,
1452 2535 1625 2611 Quod
1652 2554 1870 2614 nequeo
1900 2555 2064 2594 mon-

253 2644 460 2705 strare,
494 2645 549 2696 et
576 2638 763 2696 sentio
795 2645 1038 2697 tantum.
1131 2637 1368 2697 Vereor
1412 2644 1640 2706 autem,
1670 2655 1748 2693 ne
1785 2634 1955 2693 nulla
1985 2653 2063 2692 ex

253 2745 424 2814 parte
461 2738 652 2816 magis
689 2737 961 2796 laborare
992 2737 1313 2796 videantur
1341 2737 1404 2807 ii,
1437 2737 1538 2814 qui
1571 2736 1647 2794 de
1676 2735 1843 2794 hisce
1880 2734 2063 2793 rebus

254 2837 454 2895 edicta
493 2836 876 2916 promulgare
921 2844 1146 2907 amant,
1187 2856 1369 2914 quam
1410 2836 1515 2895 ubi
1556 2841 1810 2895 ventum
1854 2840 1947 2892 est
1987 2834 2063 2891 ad

251 2957 381 2995 rem
413 2938 719 3007 rusticam,
745 2946 928 3015 atque
959 2939 1032 2996 ad
1066 2957 1277 2996 eorum
1310 2936 1638 2994 Poetarum
1672 2953 1936 3004 causam,
1960 2934 2063 3011 qui

251 3037 315 3094 in
346 3035 697 3094 fluminibus
728 3036 1029 3114 sylvisque
1061 3036 1282 3095 versati
1314 3041 1473 3093 sunt.

341 3134 508 3193 Nam
540 3155 696 3199 curae
728 3136 973 3212 quidem
1012 3135 1333 3194 hominum
1371 3142 1435 3193 et
1479 3133 1743 3214 negotia,
1776 3140 1904 3193 tam
1935 3132 2065 3192 bel-

252 3235 371 3294 lica
400 3256 582 3313 quam
624 3236 842 3307 civilia,
872 3244 1001 3295 tam
1046 3235 1291 3314 publica
1321 3254 1504 3313 quam
1549 3235 1802 3312 privata,
1833 3233 2064 3292 habent

254 3355 431 3395 suum
464 3335 577 3394 sibi
609 3337 927 3413 quodque3
972 3336 1219 3406 habent,
1251 3336 1412 3412 quod
1458 3334 1770 3412 proprium
1816 3334 1895 3392 sit
1931 3333 2066 3390 uni-

254 3435 472 3511 cuique
517 3454 587 3493 ac
631 3435 1021 3511 praecipuum.
1113 3433 1298 3491 Dicas
1345 3431 1542 3511 plane,
1587 3430 1750 3489 hunc
1795 3430 2062 3500 nautica,

253 3533 427 3592 illum
479 3533 725 3593 militari
778 3533 969 3612 gloria
1017 3534 1172 3610 capi,
1214 3532 1565 3608 efferrique:
1627 3530 1770 3590 huic
1813 3549 2063 3609 gymna-

255 3635 411 3693 sium
456 3634 711 3712 placere,
744 3634 918 3693 alteri
951 3634 1197 3703 curiam,
1229 3633 1434 3703 tertie,
1465 3632 1513 3690 si
1546 3632 1666 3690 fors
1710 3632 1798 3689 ita
1835 3630 2062 3698 tulerit,
