2288 4036
145 312 298 348 PRAEL.
317 310 443 344 xxx.
473 308 583 343 eam
597 290 905 360 proesertim‚
923 305 1036 358 quoe
1054 287 1129 340 ad
1148 288 1403 339 sanctiora
1422 303 1576 339 manu
1595 286 1760 339 ducat.
1789 287 1895 342 627

142 457 217 497 ne
244 438 370 512 ejus
400 436 690 493 duntaxat
733 434 1040 491 admonitu
1085 432 1266 489 libere
1311 439 1625 489 excurrant
1665 432 1725 487 in
1767 451 1891 488 om-

140 551 272 590 nem
305 538 532 607 partem
573 530 769 597 animi,
801 548 950 587 neve
986 548 1091 604 pro
1122 548 1184 586 se
1214 529 1459 604 quisque
1489 528 1701 595 eliciat,
1733 530 1891 603 quod

141 636 243 687 aut
273 628 671 685 demissiorem
695 627 898 704 erigat,
921 632 1024 683 aut
1055 644 1296 703 segnem
1326 625 1551 693 incitet,
1575 631 1679 682 aut
1708 624 1893 682 leniat

141 725 439 783 acriorem.

224 819 497 893 Denique
540 824 608 874 ut
646 817 811 893 impii
851 817 1025 893 plane
1055 824 1228 885 esset,
1258 817 1558 894 negligere
1585 816 1892 892 tempesti-

143 933 280 972 vum
312 913 387 970 D.
415 912 487 970 O.
513 912 604 970 M.
630 914 867 980 donum,
892 912 973 970 sie
1001 913 1340 989 arrogantiS,
1371 918 1432 968 et
1462 913 1663 987 inepte
1692 912 1892 969 faven-

143 1012 218 1068 tis
266 1010 402 1067 huie
454 1008 688 1074 saecu10‚
735 1008 967 1084 placere
1018 1009 1127 1065 sibi
1178 1009 1239 1064 in
1289 1007 1400 1064 hae
1451 1026 1531 1074 re,
1579 1009 1743 1083 quasi
1790 1009 1892 1083 qui

144 1112 408 1163 teneram
436 1103 588 1160 hanc-
619 1102 834 1160 Poesin
864 1110 1038 1160 acute
1066 1104 1303 1170 sentiat,
1327 1103 1376 1159 is
1406 1102 1661 1178 ingenuo
1690 1102 1894 1159 statim

144 1199 338 1257 animo
367 1199 460 1266 sit,
490 1205 552 1255 et
581 1198 727 1266 luto,
743 1200 902 1274 quod
934 1199 1114 1265 aiunt,
1142 1198 1402 1255 meliore.
1469 1197 1620 1254 Tum
1651 1197 1893 1254 demum

144 1294 251 1351 tibi
290 1294 402 1351 erit
441 1311 631 1369 operae
676 1294 934 1369 pretium
978 1292 1407 1368 oontemplanti
1453 1291 1727 1368 praeclara
1768 1291 1894 1348 haeo

146 1398 414 1456 veterum
471 1397 872 1457 monumenta,
927 1409 1062 1447 cum
1121 1390 1381 1446 revocari
1431 1396 1494 1446 te
1545 1389 1761 1446 senties
1818 1388 1893 1445 ab

144 1488 413 1546 inanibus
442 1506 547 1544 seu
575 1488 783 1545 studiis
813 1487 935 1544 sive
966 1487 1237 1564 negotiis
1263 1487 1337 1544 ad
1368 1505 1506 1544 vera
1535 1485 1637 1543 illa
1665 1504 1732 1543 ae
1762 1486 1896 1543 viva

145 1582 511 1660 aegritudinis
543 1582 820 1650 remedia,
851 1582 1063 1658 quibus
1107 1583 1526 1640 adumbrandis
1568 1583 1896 1640 inserviunt

145 1680 320 1736 modo
377 1687 507 1736 tum
563 1680 689 1755 ipsa
745 1698 942 1737 rerum
1002 1678 1255 1747 Natura,
1308 1686 1439 1737 tum
1499 1679 1713 1737 aneilla
1770 1680 1896 1754 ejus

147 1775 364 1834 Poesis.

229 1871 324 1929 Ao
359 1874 433 1930 de
474 1892 692 1949 genere
723 1873 967 1947 quidem
1003 1879 1065 1930 et
1102 1873 1426 1950 originibus
1456 1874 1744 1948 ejusmodi
1775 1892 1899 1930 oar-

147 1969 374 2026 minum
404 1969 546 2035 dixi,
578 1975 647 2025 ut
681 1970 883 2044 potui3
929 1970 1194 2044 sequitur
1223 1976 1291 2026 ut
1322 1968 1566 2046 singulis
1601 1988 1766 2026 suam
1795 1970 1901 2026 tri-

146 2066 395 2123 buamus
450 2064 717 2123 laudem(
801 2064 936 2133 Quo
994 2065 1152 2122 facto
1208 2065 1558 2138 (multorum
1610 2066 1785 2132 enim,
1837 2067 1898 2122 ni

149 2162 332 2229 fallor,
364 2180 700 2220 sermonum
745 2163 857 2219 erit
895 2164 1063 2238 opus)
1092 2162 1431 2237 imponetur
1473 2162 1716 2220 tandem
1760 2162 1898 2222 huic

143 2266 496 2336 argument-o
527 2258 803 2318 clausula.

945 3707 1102 3760 ss2
