2288 4036
408 89 520 141 432
761 89 844 141 De
869 86 1069 141 ratione
1080 84 1286 155 judicii
1309 83 1460 155 apud
1483 84 1818 138 Eumenidas.
1898 103 2059 140 PRAEL.
2079 105 2214 140 xxu.

504 238 736 298 Videte
775 256 853 295 an
895 236 1125 313 optime
1168 253 1308 292 cum
1354 253 1426 292 ea
1469 253 1724 311 persona
1765 233 2085 292 conveniat
2126 234 2216 292 in-

407 340 627 397 troitus
676 337 822 414 ejuS,
866 334 1082 393 delatae
1126 334 1189 391 in
1234 353 1475 393 scenam
1526 334 1583 391 vi
1624 334 1884 411 quadam
1931 333 2213 411 aequabili

404 459 476 497 ac
508 439 698 496 tacita
717 446 745 485 8
763 457 776 495 :

950 548 1156 596 διώκουσ’
1179 548 1318 608 ἦλθον
1339 549 1527 609 ἄτρυτον
1546 551 1678 605 πόδα,

767 629 941 686 πτερῶν
962 624 1065 684 ἄτερ
1087 623 1338 683 ῥοιβδοῦσα
1360 626 1529 668 κόλπον
1550 623 1732 684 αἵγιδος,

769 701 937 745 πώλοις
957 698 1155 756 ἀκμαίοις
1176 696 1292 743 τόνδ’
1316 696 1567 756 ἐπιζεύξασ’
1591 696 1714 757 ὄχον.

402 812 563 870 Cum
612 811 705 870 his
759 811 808 869 si
854 816 1179 887 componat
1235 808 1450 886 aliquis
1496 808 1895 868 Homericum
1941 809 2094 868 illud
2139 809 2216 868 de

402 910 618 968 eadem
653 909 938 968 Minerva
969 910 1222 978 dictum,

768 1050 812 1094 αἱ
835 1048 883 1093 δὲ
903 1048 1044 1105 βάτην
1064 1045 1263 1107 τρῆρωσι
1282 1047 1517 1093 πελείασιν
1534 1045 1680 1106 ’ἔκμαθ’
1704 1047 1864 1107 ὁμοῖαι,

400 1162 701 1231 omnibus,
734 1161 966 1239 opinor,
996 1160 1240 1238 punctis
1282 1160 1555 1238 superior
1599 1161 1819 1218 evadet
1859 1158 2215 1239 AEschylus;

403 1261 500 1318 vel
524 1261 667 1338 quia
698 1260 901 1338 paullo
931 1260 1196 1337 ineptius
1227 1259 1561 1337 comparari
1593 1259 1880 1317 videntur
1910 1258 2215 1318 bellicosae

405 1358 584 1418 Divae
617 1379 757 1418 cum
790 1359 1089 1428 columba,
1120 1359 1441 1418 mitissima
1481 1360 1721 1429 avium;
1776 1358 1874 1417 vel
1907 1359 2049 1436 quia
2078 1377 2218 1418 nos-

403 1466 498 1516 ter
535 1468 824 1536 tanquam
869 1478 983 1517 acu
1029 1459 1239 1538 tetigit
1275 1459 1446 1517 virile
1491 1458 1640 1517 illud
1690 1457 2015 1528 Minervae,
2044 1458 2217 1517 indo-

401 1558 645 1628 mitum,
678 1559 1067 1626 indefessum,

885 1692 1135 1752 ῥοιβδοῦσα
1157 1694 1324 1738 κόλπον
1345 1692 1530 1753 αἴγιδος.

399 1812 542 1883 Quo
573 1813 767 1892 magis
802 1813 1080 1872 admirari
1126 1813 1332 1890 possis,
1365 1834 1472 1872 cur
1503 1833 1575 1872 ea
1605 1813 1866 1883 dubitet,
1898 1812 2036 1872 talis
2071 1831 2213 1872 cum

398 1913 496 1981 sit,
547 1912 795 1971 arbitrio
842 1932 951 1971 suo
997 1913 1205 1971 statim
1253 1912 1573 1972 Oresteam
1629 1913 1803 1971 litem
1849 1913 2213 1990 dijudicare3

398 2031 535 2088 quae
576 2013 907 2089 praesertim
948 2013 1025 2070 ad
1069 2032 1205 2070 eam
1251 2013 1328 2071 ab
1375 2019 1630 2089 utraque
1675 2021 1847 2090 parte
1889 2013 2212 2070 deferatur.

402 2110 641 2170 Verum
702 2132 780 2170 ex
841 2113 970 2189 ejus
1027 2131 1284 2190 persona
1345 2112 1775 2171 declarandum
1829 2120 1976 2181 erat,
2030 2131 2210 2189 quam

400 2230 612 2287 parum
647 2211 891 2270 deceret
922 2212 984 2268 in
1015 2211 1108 2271 his
1140 2212 1571 2289 quaestionibus
1611 2232 1719 2289 pro
1750 2231 1816 2270 re
1846 2220 1992 2270 nata
2021 2220 2214 2271 teme-

399 2311 617 2369 rariam
670 2310 826 2369 ferre
887 2312 1277 2380 sententiam,
1326 2331 1467 2370 cum
1529 2310 1750 2371 lateret
1808 2312 1939 2389 ipsa
1989 2313 2211 2371 veritas

396 2429 607 2468 earum
647 2410 809 2468 inter
847 2430 1065 2469 arcana
1110 2411 1332 2469 summi
1366 2410 1558 2470 Jovis.
1645 2408 1749 2470 Ad
1794 2411 1980 2470 Illum
2026 2412 2213 2491 igitur

396 2508 566 2567 nulla
610 2529 780 2567 mora
823 2516 1114 2586 provocat
1158 2509 1345 2587 ipsius
1376 2510 1563 2568 etiam
1608 2510 1941 2587 interpres;
1986 2511 2210 2589 quippe
2246 2571 2248 2573 ,

393 2610 495 2666 cui
546 2608 826 2668 subtilior
875 2610 955 2667 sit
1004 2629 1200 2679 causa,
1250 2629 1432 2687 quam
1483 2629 1619 2687 quae
1671 2629 1953 2687 supremo
2007 2630 2210 2669 carere

395 2708 586 2785 possit
615 2707 900 2779 arbitri03
946 2718 1204 2788 urgente
1235 2729 1314 2768 ex
1357 2709 1471 2769 hac
1509 2717 1682 2788 parte
1712 2709 1998 2788 supplicis
2029 2709 2213 2770 Ores-

394 2806 494 2875 tis,
527 2826 605 2864 ex
635 2806 740 2865 illa
772 2807 1058 2866 Dirarum
1084 2808 1354 2868 Dearum
1386 2809 1697 2888 religione.
1775 2809 2075 2868 Nominat
2104 2810 2210 2870 illa

393 2905 644 2982 quidem
675 2907 901 2965 civium
932 2927 1179 2967 suorum
1222 2908 1618 2979 lectissimos3
1663 2909 1841 2968 facile
1874 2917 2083 2967 tamen
2117 2910 2211 2967 in-

394 3004 636 3084 telligat
667 3004 900 3083 aliquis,
932 3026 997 3065 re
1027 3026 1098 3066 ac
1129 3008 1388 3067 veritate
1418 3007 1613 3067 solum
1648 3007 2069 3084 judicaturum
2098 3007 2142 3066 J
2144 3028 2208 3066 0-

397 3123 555 3161 vem.
625 3103 687 3162 Is
718 3104 900 3163 modo
932 3106 1269 3165 debebatur
1296 3106 1490 3165 honos
1521 3105 1684 3184 plebi
1709 3105 2204 3180 Atheniensium,

398 3191 702 3260 Minervae
759 3203 1038 3274 alumnis,
1085 3212 1156 3263 ut
1215 3224 1444 3273 eorum,
1500 3204 1692 3262 veluti
1750 3205 2203 3283 prophetarum,

391 3323 514 3371 ore,
547 3302 745 3380 palam
788 3303 1004 3362 fierent
1036 3303 1274 3363 Summi
1310 3303 1600 3363 Numinis
1645 3305 1860 3364 edicta.
1954 3305 2201 3365 Etenim

1142 3478 1168 3508 g
1194 3470 1326 3515 Eam.
1351 3470 1454 3526 406.
