2288 4036
219 305 374 338 PRAEL.
390 304 574 336 xxxv1.
607 287 712 336 Cur
731 284 932 354 placeat
958 285 1151 336 AEneae
1177 283 1250 334 ad
1273 283 1493 334 Italiam
1518 282 1772 350 appulsus
1870 286 1975 340 729

219 430 456 505 injuria:
502 447 637 484 nam
669 435 730 484 et
761 427 963 482 Poetae
993 425 1139 481 nihil
1184 425 1481 499 antiquius
1513 424 1691 480 fuisse
1722 431 1972 481 constat.

219 526 445 583 Audite
486 543 657 591 vero;
706 532 767 580 et
804 523 1036 578 veniam
1082 522 1236 586 date,
1274 522 1449 577 nimis
1493 527 1635 577 nota
1679 523 1971 595 repetenti

219 622 476 677 carmina
497 629 537 674 Ρ.

450 742 641 799 Jamque
662 741 925 785 rubescebat
946 741 1080 784 radiis
1102 756 1236 793 mare,
1258 748 1300 784 et
1322 740 1483 784 aethere
1505 739 1560 783 ab
1582 740 1670 783 alto

450 815 625 858 Aurora
645 814 691 857 in
712 815 850 858 roseis
871 814 1069 871 fulgebat
1089 815 1208 857 lutea
1228 813 1362 870 bigis,

454 886 570 930 Cum
593 886 710 929 venti
732 901 933 943 posuere,
956 886 1189 943 omnisque
1209 891 1388 941 repente
1408 883 1570 927 resedit

452 957 617 1008 Flatus,
641 964 683 1000 et
703 957 750 1000 in
770 958 891 1001 lento
912 959 1139 1001 luctantur
1160 971 1378 1000 marmore
1398 964 1573 1000 tonsae.‹

449 1030 597 1086 Atque
618 1028 689 1072 hic
712 1030 879 1073 AEneas
900 1030 1127 1086 ingentem
1148 1044 1201 1071 ex
1222 1043 1399 1086 aequore
1419 1029 1570 1072 lucum

451 1101 694 1157 Prospicit:
724 1100 845 1144 hunc
867 1101 981 1143 inter
1001 1100 1136 1143 fluvio
1151 1099 1401 1158 Tyberinus
1423 1114 1613 1151 amoeno,

449 1173 704 1216 Vorticibus
726 1172 889 1229 rapidis
912 1179 954 1216 et
974 1173 1116 1215 multa
1135 1172 1276 1215 flavus
1297 1186 1443 1223 arena,

454 1245 506 1288 In
526 1260 646 1288 mare
667 1245 917 1301 prorumpit
937 1261 946 1288 z
979 1244 1110 1288 variae
1131 1244 1387 1301 circumque
1409 1258 1644 1302 supraque,

449 1317 651 1360 Assuetae
672 1316 778 1373 ripis
800 1317 1001 1360 volucres
1024 1322 1066 1359 et
1086 1315 1282 1359 fluminis
1304 1316 1442 1366 alveo,

447 1388 634 1432 AEthera
654 1388 908 1431 mulcebant
930 1394 1078 1439 cantu,
1100 1388 1290 1444 lucoque
1310 1386 1533 1430 volabant.
1607 1421 1631 1441 ‚

428 1510 431 1511 ⁷
448 1460 639 1504 Flectere
658 1461 741 1504 iter
761 1461 905 1512 sociis,
928 1467 1144 1517 terraeque
1165 1458 1390 1502 advertere
1411 1473 1564 1515 proras

413 1535 418 1539 '
449 1532 656 1590 Imperat,
679 1539 721 1576 et
740 1533 870 1576 laetus
892 1532 1028 1575 fluvio
1050 1531 1247 1575 succedit
1268 1546 1422 1588 opaco.

216 1633 471 1691 Mulceri
507 1635 680 1710 plane
711 1644 772 1692 et
802 1636 988 1711 abripi
1021 1635 1287 1692 videmus
1318 1635 1678 1710 Scriptorem
1712 1635 1964 1692 delicato

213 1728 318 1785 rivi
349 1732 631 1807 margine,
662 1740 723 1788 et
752 1731 912 1788 flexu
944 1731 1253 1808 sylvarum,
1286 1738 1348 1787 et
1378 1731 1734 1787 marinarum
1766 1732 1963 1788 avium

215 1842 388 1882 voce:
435 1827 534 1901 qui
571 1835 777 1885 cantus
818 1829 929 1884 etsi
973 1847 1089 1883 non
1136 1827 1284 1883 adeo
1325 1827 1401 1883 sit
1444 1826 1728 1893 amabiliS,
1760 1835 1820 1883 at
1861 1846 1966 1884 sua

214 1927 410 1977 tamen
444 1923 686 1980 minime
716 1933 876 1980 caret
911 1930 1234 1990 venustate,
1266 1931 1506 1998 propter
1535 1942 1757 1978 nexum
1787 1942 1962 1997 quem

214 2017 393 2074 habet
439 2021 747 2076 arctiorem
792 2040 927 2077 cum
979 2021 1264 2076 memoria
1310 2019 1836 2095 pulcherrimorum
1881 2020 1967 2076 lo-

213 2131 448 2171 corum:
494 2134 568 2171 ne
599 2116 750 2173 forte
795 2117 1107 2182 miremini,
1140 2113 1376 2173 mulceri
1418 2135 1523 2190 per
1565 2135 1701 2171 eum
1734 2114 1963 2172 oetlzera.

214 2209 331 2266 Sed
374 2212 675 2287 abripitur,
706 2214 963 2287 inquam,
993 2213 1120 2269 istis
1151 2211 1375 2269 deliciis
1406 2211 1627 2268 Poeta:
1674 2210 1965 2269 oblivisci-

212 2315 308 2363 tur
347 2308 418 2364 ad
465 2317 699 2384 tempus
735 2328 1029 2365 armorum
1076 2315 1136 2365 et
1182 2307 1407 2365 consilii
1450 2307 1689 2382 publici,
1731 2307 1963 2364 Romae-

210 2423 324 2478 que
354 2406 533 2462 etiam
573 2406 750 2462 modo
791 2406 1129 2462 nasciturae:
1175 2412 1343 2461 tanta
1383 2403 1597 2460 fruitur
1634 2423 1959 2472 nemorum,

212 2501 401 2566 maris,
434 2500 595 2556 fluvii
626 2501 954 2557 dulcedine.
1331 2558 1335 2563 ,

297 2595 473 2663 Quid,
505 2597 660 2670 quod
693 2597 901 2653 eodem
946 2602 1082 2672 post
1130 2594 1327 2670 paullo
1357 2595 1526 2661 redit,
1559 2601 1767 2651 nactus
1797 2613 1962 2652 occa-

211 2692 433 2748 sionem
465 2712 499 2749 a
529 2693 718 2750 vicina
748 2694 1047 2750 Arcadum
1075 2691 1319 2757 colonia,
1340 2690 1625 2765 laetusque
1655 2710 1722 2747 ac
1753 2690 1960 2748 lubens

211 2804 273 2842 se
324 2786 532 2861 recipit
578 2807 611 2844 e
663 2788 940 2845 castrensi
992 2786 1274 2853 tumultU,
1319 2788 1380 2842 in
1430 2787 1613 2861 ripam
1668 2793 1847 2861 atque
1897 2787 1959 2842 in

210 2881 442 2939 alveum
483 2883 759 2940 taciturni
799 2883 1027 2940 amnis?
1097 2882 1298 2939 Missis
1334 2882 1610 2939 videlicet
1650 2881 1724 2939 ad
1765 2881 1960 2939 Evan-

210 2979 378 3035 drum
408 2980 618 3056 legatis
636 2989 679 3047 q,

440 3095 602 3152 Tybris
622 3110 673 3139 ea
692 3095 892 3147 fiuvium,
916 3109 1049 3154 quam
1069 3097 1205 3153 longa
1224 3103 1304 3149 est,
1323 3103 1454 3141 nocte
1474 3102 1720 3140 tumentem

443 3166 602 3219 Leniit,
624 3174 667 3211 et
686 3167 818 3211 tacita
836 3167 1026 3211 refluens
1046 3167 1109 3210 ita
1129 3167 1326 3212 substitit
1346 3168 1482 3220 unda,

444 3239 569 3282 Mitis
590 3247 640 3283 ut
660 3240 707 3286 in
728 3255 897 3283 morem
919 3240 1064 3296 stagni
1085 3239 1356 3298 placidaeque
1375 3240 1549 3298 paludis

443 3310 665 3355 Sterneret
684 3327 837 3370 aequor
857 3312 998 3369 aquis,
1020 3325 1142 3355 remo
1163 3318 1214 3355 ut
1233 3314 1456 3356 luctamen
1475 3312 1663 3357 abesset.

443 3382 564 3440 Ergo
585 3383 666 3426 iter
685 3383 911 3440 inceptum
934 3390 1152 3440 peragunt
1171 3398 1350 3427 rumore
1367 3383 1567 3427 secundo
1584 3400 1594 3427 ε

443 3452 627 3498 Labitur
647 3461 782 3498 uncta
801 3454 925 3498 vadis
947 3454 1066 3498 abies
1084 3471 1092 3498 :
1127 3454 1343 3510 mirantur
1364 3461 1407 3498 et
1427 3454 1578 3506 undae,

322 3633 339 3656 ν
362 3627 472 3669 AEn.
498 3637 536 3684 7.
562 3639 631 3681 25.
1343 3638 1358 3662 q
1381 3630 1492 3673 Ibid.
1520 3631 1561 3673 8.
1585 3630 1656 3673 86.
