2288 4036
444 173 556 226 518
785 174 976 226 Omnia
1003 194 1038 227 a
1067 175 1315 228 Pindaro
1341 176 1399 228 in
1425 176 1596 229 laetius
1621 178 1827 248 accipi:
1913 197 2074 237 PRAEL,
2092 197 2227 230 xxv1

440 318 532 384 At
563 322 745 390 enim,
777 322 1103 398 respondet
1133 321 1447 391 PindaruS,

801 444 918 489 λάθα
940 444 988 489 δὲ
1008 447 1163 505 πότμῳ
1185 446 1269 491 σὺν
1290 447 1512 505 εὐδαίμονι
1532 447 1689 507 γένοιτ’
1712 446 1780 502 ἂν,

803 518 953 564 ἐσλῶν
971 519 1058 578 γὰρ
1080 519 1165 564 ὑπὸ
1186 519 1423 579 χαρμάτων
1442 524 1566 580 πῆμα
1587 521 1765 568 θνάσκει

800 591 1071 651 παλίγκοτον
1090 591 1331 650 δαμασθέν,

802 665 907 715 ὅταν
929 666 1033 711 θεοῦ
1053 668 1187 725 μοῖρα
1207 666 1356 725 πέμπη

800 741 953 789 ἅνεκας
972 739 1114 795 ὄλβον
1134 741 1330 799 ὑψηλόν.

437 845 646 924 Pergit
714 846 934 904 deinde
998 846 1267 926 προνοῖαν
1333 866 1465 905 eam
1537 848 1910 918 confirmare,
1973 848 2238 906 secundo

436 943 866 1022 Nympharum
920 944 1112 1014 exitU,
1166 944 1398 1002 Cadmo
1450 953 1921 1024 prognatarum:
1983 966 2238 1023 quarum

435 1050 640 1100 tamen
673 1043 868 1100 omnis
899 1041 1157 1100 felicitas
1186 1043 1514 1119 posthuma
1542 1045 1704 1121 apud
1737 1044 2009 1122 Elysium
2043 1053 2190 1105 erat.

523 1140 752 1199 Nescio
803 1148 1010 1201 autem
1052 1161 1130 1200 an
1177 1141 1319 1206 huic
1357 1142 1778 1220 exemplorum
1829 1145 2022 1202 ordini
2068 1152 2238 1208 recte

432 1238 583 1297 illud
616 1240 801 1297 etiam
839 1240 1152 1307 ascribam,
1185 1241 1347 1316 quod
1395 1241 1499 1298 ubi
1544 1248 1822 1299 narratur
1850 1240 2066 1299 infelix
2108 1240 2240 1298 Ne-

433 1339 726 1416 optolemi
758 1340 979 1409 exitus,
1011 1339 1171 1416 apud
1203 1359 1368 1397 aram
1401 1340 1687 1417 Delphici
1717 1339 2025 1417 Apollinis
2055 1341 2240 1398 truci-

432 1439 576 1508 dati,
606 1446 890 1517 properat
932 1439 1212 1521 mitigare
1243 1438 1691 1515 quodammodo
1721 1439 2048 1497 infaustam
2089 1458 2237 1508 rem,

431 1537 737 1614 Deosque,
791 1545 862 1596 ut
920 1538 1008 1596 ita
1061 1538 1277 1607 dicam,
1326 1557 1602 1616 purgare,
1694 1537 1965 1597 Excusat
2023 1538 2236 1615 utique

433 1636 619 1701 fatale
649 1638 961 1701 edictum⁰
985 1654 999 1694 z

795 1753 917 1806 ἀλλὰ
937 1754 988 1798 τὸ
1009 1755 1231 1813 μόρσιμον
1252 1752 1488 1799 ἀπέδωκεν·
1520 1752 1655 1812 ε’χρὴν
1676 1752 1727 1798 δέ
1746 1753 1824 1798 τιν’
1847 1753 1974 1799 ἔνδον
1994 1751 2127 1799 ἄλσει
2154 1771 2238 1797 παι

854 1828 1049 1889 λαιτάτῳ

796 1900 1005 1946 Αἰακιδᾶν
1025 1902 1240 1958 κρεόντων
1260 1902 1311 1946 τὸ
1333 1902 1493 1946 λοιπὸν
1513 1901 1691 1959 ἔμμεναι

797 1974 900 2024 θεοῦ
920 1973 1022 2034 παρ’
1045 1974 1245 2034 εὐτειχέα
1265 1975 1417 2033 δόμον,
1439 1971 1618 2032 ἡρωΐαις
1639 1975 1689 2020 δὲ
1708 1977 1905 2033 πομπαῖς

796 2049 1068 2107 θεμίσκοπον
1089 2050 1222 2094 οἷκεῖν
1242 2050 1370 2094 ἕοντα
1389 2048 1658 2097 πολυθύτοις

797 2124 1017 2182 εὐώνυμον
1037 2124 1083 2171 ἐς
1103 2124 1240 2169 δίκαν·
1274 2124 1376 2184 τρία
1397 2125 1505 2169 ἕπεα
1527 2123 1765 2184 διαρκέσει·

796 2198 847 2246 οὗ
868 2199 1030 2256 ψεῦδις
1051 2201 1075 2243 ὁ
1095 2199 1263 2257 μάρτυς
1284 2197 1502 2258 ἔργμασιν
1523 2198 1766 2243 ἐπιστατεῖ.

433 2301 701 2371 Poterat,
742 2303 956 2372 fateor,
995 2322 1067 2361 ea
1110 2303 1372 2361 narratio
1418 2304 1752 2379 comparari
1797 2304 1873 2361 ad
1911 2301 2236 2382 AEginetas

430 2400 771 2478 placandos,
804 2421 881 2459 ne
913 2402 1070 2459 forte
1106 2402 1459 2459 invidiosius
1490 2402 1717 2478 aliquid
1749 2403 1973 2461 dixisse
2003 2404 2237 2462 videre-

430 2507 533 2558 tur
579 2502 655 2559 de
705 2499 1120 2577 Neoptolemo
1171 2499 1480 2577 Scriptor:
1536 2502 1641 2561 sed
1694 2508 1902 2560 tamen
1953 2503 2235 2561 admirari

431 2599 617 2669 sole0,
645 2620 764 2677 quo
797 2599 1045 2658 tandem
1075 2607 1256 2677 pacto
1287 2601 1523 2657 venerit
1554 2601 1837 2676 cuiquam
1869 2602 1930 2658 in
1962 2610 2234 2660 mentem

429 2699 547 2756 ista
591 2699 756 2775 quasi
806 2700 1138 2767 excusatiO,
1178 2698 1294 2756 nisi
1334 2699 1437 2775 qui
1482 2698 1645 2756 ultro
1691 2698 1904 2757 solitus
1949 2700 2027 2758 sit
2073 2701 2236 2759 exci-

430 2818 574 2875 pere
621 2799 825 2856 omnia
875 2799 935 2855 in
990 2798 1306 2856 meliorem
1365 2806 1636 2875 partem3
1700 2817 1778 2856 ne
1830 2797 2234 2858 afflictissimis

432 2897 678 2973 quidem
710 2897 889 2955 rebus
921 2898 996 2955 de
1027 2898 1237 2975 gradU,
1269 2898 1430 2973 quod
1463 2898 1650 2964 aiunt,
1685 2897 1879 2973 dejici.

520 2994 877 3054 Videndum
910 2997 1114 3065 etiam,
1147 3015 1223 3054 an
1263 2996 1485 3072 passim
1527 2994 1688 3071 apud
1722 2993 2051 3052 Pindarum
2087 2997 2236 3053 emi-

433 3102 575 3152 cent
620 3095 789 3170 quasi
836 3094 1111 3153 scintillae
1157 3094 1362 3153 hilaris
1414 3101 1601 3170 atque
1649 3093 1771 3157 laeti
1820 3094 2081 3171 ingenii:
2136 3095 2234 3153 vel

434 3194 575 3270 quia
605 3193 717 3251 sub
747 3193 922 3250 initio
954 3193 1289 3251 carminum
1336 3192 1493 3256 ludit
1537 3192 1862 3261 interdum,
1896 3192 2234 3274 volitatque

434 3297 591 3364 circa
621 3295 909 3372 plurimas
939 3314 1049 3363 reS‚

1102 3412 1217 3469 Apis
1241 3410 1432 3455 Matinae

1160 3483 1293 3528 More
1314 3482 1541 3542 modoque
1553 3502 1566 3536 3

1165 3627 1184 3652 ς
1208 3621 1332 3663 Nem.
1360 3630 1399 3678 7,
1425 3620 1500 3676 652
