2288 4036
334 204 435 251 820
701 206 1023 252 MONITUM
1059 206 1147 250 DE
1181 206 1403 251 PERSIS
1435 207 1757 252 AESCHYLI.

330 344 425 381 tam
446 334 634 379 feliciter
657 338 822 391 gestas,
846 330 964 374 virili
995 330 1147 373 animo
1179 330 1471 382 exultantem,
1494 337 1538 374 et
1566 330 1740 375 civibus
1771 331 1865 374 suis
1894 332 2125 389 gratulan-

330 417 438 462 tem,
460 408 578 453 hanc
600 406 800 450 fabulam
823 403 952 463 quasi
976 405 1137 448 παιᾶνα
1159 404 1321 460 σεμνὸν
1343 403 1605 461 scripsisse?
1655 403 1836 456 Parum,
1860 419 1931 448 me
1956 404 2124 463 judice,

331 496 357 526 a
387 482 466 526 tali
496 480 730 539 proposito
767 478 1046 529 abhorreret,
1081 478 1119 521 si
1156 484 1288 534 poeta
1323 476 1618 534 impotentem
1654 478 1775 522 illam
1808 485 1851 522 et
1882 478 2127 536 gloriosam

329 555 627 600 barbarorum
651 552 865 604 indolem,
888 551 1242 609 innumerasque
1266 551 1597 604 multitudines,
1621 559 1664 596 et
1684 553 1845 596 luxum
1869 560 1911 596 et
1933 552 2126 605 divitias,

330 627 576 687 spectaculi
607 626 654 670 in
687 624 879 669 modum
910 623 1125 668 inducere
1157 632 1200 668 et
1232 624 1415 669 irridere
1446 627 1654 676 voluerit,
1681 625 1791 670 dum
1824 626 2053 677 Atossam,
2084 633 2128 670 et

332 703 540 754 Darium,
565 708 608 744 et
637 700 778 758 siquis
809 699 923 742 alius
952 698 1070 742 inter
1092 699 1316 743 Asiaticos
1347 699 1524 744 virtutis
1559 701 1785 758 specimen
1818 700 2020 752 ediderit,
2043 700 2128 744 ho-

327 776 527 828 norifice,
553 775 624 830 (ut
646 772 855 832 generosi
874 772 1068 817 victores
1095 773 1277 832 solent,)
1311 781 1354 818 et
1385 789 1479 818 non
1512 775 1607 818 sine
1639 775 1909 820 verecundia
1938 783 2129 820 tractare

329 850 544 909 dignatus
577 849 649 892 sit.
715 847 824 892 Non
858 847 1055 892 absimili
1081 848 1272 892 fortasse
1294 848 1458 892 affectu
1481 849 1619 892 animi
1640 849 1977 907 triumphorum
1998 864 2127 906 pom-

329 939 409 982 pas
438 924 730 982 imperatores
755 921 950 965 Romani
973 921 1137 965 ducere
1165 922 1396 975 solebant3
1431 923 1632 981 captivos
1653 938 1781 982 reges
1812 923 2127 982 subjectosque

271 1009 274 1012 ·
328 999 523 1057 populos
557 996 643 1041 sub
670 997 839 1055 jugum
870 996 1114 1048 mittentes,
1150 1003 1356 1040 caventes
1389 1004 1555 1049 autem,
1588 1012 1660 1052 ne,
1692 997 1903 1042 hostibus
1935 997 2128 1041 nimium

329 1070 636 1123 detrectando,
658 1085 812 1114 rerum
834 1085 860 1113 a
882 1085 929 1114 se
951 1077 1183 1128 gestarum
1205 1070 1393 1129 gloriam
1416 1071 1752 1115 imminuerent.

390 1152 421 1171 “
436 1147 722 1190 Mentionem
741 1144 1030 1203 quorundam
1052 1145 1100 1188 in
1119 1145 1268 1189 Persis
1289 1146 1493 1190 locorum
1516 1146 1676 1198 fecisti,
1695 1161 1796 1205 quae
1817 1146 1866 1190 in
1886 1145 2004 1190 hanc
2026 1161 2128 1204 par—

327 1228 420 1265 tem
449 1236 476 1264 a
503 1220 668 1264 criticis
690 1235 782 1263 non
808 1220 915 1264 satis
942 1220 1064 1264 bona
1095 1235 1201 1264 cum
1224 1234 1360 1263 causa
1388 1219 1582 1265 adducta
1604 1220 1686 1265 tibi
1708 1236 1805 1264 esse
1826 1220 2038 1265 videntur
2053 1224 2125 1264 :——-'

328 1294 383 1339 de
416 1294 584 1354 quibus
623 1294 834 1353 equidem
869 1309 964 1338 non
1005 1293 1215 1338 defutura
1246 1294 1610 1346 existimaverim,
1640 1310 1742 1353 quae
1775 1295 1916 1339 critici
1947 1310 2128 1338 mecum

327 1369 573 1413 sentientes
595 1368 679 1413 tibi
701 1368 975 1427 respondere
996 1376 1198 1427 possent.
1266 1368 1357 1413 Sed
1378 1369 1476 1414 haec
1498 1369 1612 1413 nihil
1634 1385 1800 1422 moror,
1819 1385 1962 1429 quum
1984 1371 2129 1414 multa

328 1441 419 1485 sint
447 1447 663 1499 praeterea
693 1457 773 1499 per
800 1448 944 1485 totam
973 1441 1176 1486 fabulam
1211 1442 1401 1500 sparsim
1432 1442 1729 1495 occurrentia,
1753 1442 1876 1486 unde
1904 1442 2051 1500 magis
2073 1442 2128 1486 li-

326 1514 485 1559 benter
506 1522 774 1574 argumenta
794 1516 1078 1574 protulerim.
1146 1515 1253 1564 Quo
1273 1515 1460 1560 tandem
1483 1516 1671 1561 consilio
1687 1515 1962 1574 AEschylum
1984 1515 2127 1559 admi-

327 1589 439 1634 sisse
469 1587 749 1634 credendum
778 1598 861 1643 est,
884 1598 936 1634 ut
968 1591 1017 1634 in
1046 1590 1333 1635 sermonibus
1356 1590 1648 1650 quantumvis
1677 1590 1989 1649 grandiloquis
2020 1590 2127 1634 Per-

327 1679 483 1708 sarum
515 1663 685 1708 inesset
716 1671 810 1708 tam
844 1680 963 1723 saepe
994 1665 1258 1723 importuna
1293 1664 1506 1724 quaedam
1537 1664 1762 1717 mollities,
1796 1679 2128 1724 nonnunquam

323 1737 450 1782 haud
471 1737 667 1782 obscura
688 1746 977 1796 contemptus
1001 1739 1303 1797 significatio?
1346 1738 1619 1797 Cujusmodi
1643 1745 1751 1782 sunt
1771 1737 1883 1782 ista:

506 1826 919 1886 ἁβροδιαίτων
957 1826 994 1872 δ’
1025 1827 1174 1873 ἕπεται
1208 1828 1359 1873 Λυδῶν

507 1901 694 1960 ὄχλος
1355 1904 1417 1961 (v.
1442 1902 1539 1960 41.)

1073 2028 1081 2036 .
1102 2028 1110 2037 .
1145 1992 1360 2045 Βαβυλὼν
1381 1990 1418 2035 δ’

506 2066 531 2124 ἡ
563 2066 854 2126 πολύχρυσος
889 2068 1238 2125 πάμμικτον
1275 2065 1462 2125 ὄχλον

505 2141 667 2199 πέμπει
705 2139 931 2200 σύρδην
1465 2140 1641 2199 (v.52.)

507 2229 687 2288 δόκιμος
718 2229 754 2274 δ’
789 2232 908 2276 οὔτις
939 2230 1137 2276 ὑποστὰς
1167 2230 1378 2291 μεγάλῳ
1410 2229 1633 2289 ῥεύματι
1665 2232 1865 2289 φωτῶν.
1906 2231 1969 2291 (v.
1994 2231 2091 2291 87.)

327 2318 440 2369 Quis
462 2333 556 2363 non
578 2319 652 2363 hic
675 2317 1025 2362 Atheniensium
1056 2317 1143 2362 sub
1168 2318 1348 2362 Persica
1375 2333 1569 2376 persona
1594 2318 1777 2377 linguas
1807 2327 1955 2377 potest
1983 2335 2125 2379 agno-

327 2396 480 2436 scere?
522 2392 631 2437 Non
654 2399 762 2436 sunt
783 2392 855 2437 hae
876 2393 1068 2451 loquelae
1091 2391 1416 2436 venerabilium
1440 2407 1617 2444 senum,
1635 2394 1844 2438 absentes
1869 2409 1976 2438 suos
2000 2410 2124 2439 exer-

326 2467 443 2512 citus
466 2467 601 2511 bonis
625 2466 854 2510 ominibus
885 2474 928 2510 et
957 2482 1036 2524 spe
1060 2466 1201 2510 felicis
1228 2475 1416 2511 eventus
1439 2468 1812 2527 prosequentium
1825 2486 1843 2520 3.
1874 2467 1952 2512 sed
1975 2468 2128 2512 illudit

326 2542 458 2600 plane
485 2547 618 2599 poeta
644 2540 693 2585 in
712 2540 1013 2585 barbarorum
1038 2540 1280 2584 hominum
1306 2542 1560 2594 colluviem,
1584 2550 1741 2586 contra
1763 2557 1877 2601 quos
1910 2557 2003 2586 una
2033 2542 2126 2586 for-

323 2616 438 2660 tium
468 2615 668 2659 virorum
697 2615 853 2659 civitas
881 2615 1135 2659 libertatem
1164 2614 1353 2660 Graeciae
1381 2614 1714 2660 vindicavisset.
1782 2615 1942 2664 Quum
1974 2624 2126 2661 autem

322 2690 384 2734 ad
405 2705 476 2734 res
505 2696 656 2748 gestas
678 2704 758 2747 per
779 2688 1012 2733 Nuntium
1034 2689 1307 2733 enarrandas
1329 2697 1517 2734 ventum
1547 2697 1630 2742 est,
1654 2690 2006 2735 Atheniensium
2028 2706 2128 2735 esse

325 2764 492 2817 omnia,
514 2763 667 2816 verba,
703 2778 880 2816 sensus,
911 2763 1112 2821 spiritus,
1143 2763 1400 2807 animorum
1433 2771 1601 2817 motus,
1635 2779 1770 2808 nemo
1801 2772 1895 2809 tam
1929 2765 2125 2809 rusticus

325 2844 394 2881 est
430 2836 509 2896 qui
545 2851 640 2880 non
677 2835 815 2881 videt.
882 2835 953 2880 Fit
988 2851 1119 2894 paene
1161 2836 1290 2890 illud,
1330 2838 1453 2897 quod
1491 2838 1614 2897 apud
1650 2838 1849 2883 comicos
1888 2838 2126 2884 Parabasis

324 2919 528 2957 vocatur.

507 2999 603 3045 ἐπεί
621 3018 675 3058 γε
694 2998 843 3056 μέντοι
864 3001 1146 3047 λευκόπωλος
1168 3000 1307 3058 ἡμέρα

504 3075 655 3118 πᾶσαν
677 3073 867 3132 κάτεσχε
888 3076 1018 3133 γαῖαν
1039 3074 1261 3134 εὐφεγγὴς
1282 3075 1404 3128 ἰδεῖν,

505 3151 682 3205 πρῶτον
701 3147 780 3204 μὲν
801 3145 903 3206 ἦχοῖ
923 3146 1110 3193 κέλαδος
1128 3146 1357 3205 Ἑλλήνων
1374 3150 1493 3208 πάρα

505 3220 734 3277 μολπηδὸν
755 3219 1028 3279 εὖφήμησεν,
1051 3220 1203 3279 ὅρθιον
1223 3220 1260 3266 δ’
1282 3223 1372 3280 ἅμα

505 3294 780 3351 ἀντηλάλαξε
802 3296 1060 3352 νησιώτιδος
1079 3296 1245 3356 πέτρας

504 3366 614 3426 ἠχώ·
647 3370 795 3427 φόβος
817 3370 865 3413 δέ
885 3372 998 3415 πᾶσι
1017 3372 1266 3430 βαρβάροις
1285 3373 1428 3430 παρῆν

507 3444 681 3501 γνώμης
702 3442 1052 3502 ἀποσφαλεῖσιν·
1088 3444 1139 3488 οὐ
1159 3445 1246 3503 γὰρ
1270 3445 1327 3491 ὡς
1348 3447 1471 3505 φυγῇ

503 3515 646 3561 παιᾶν’
670 3515 895 3574 ἐφύμνουν
917 3519 1080 3575 σεμνὸν
1094 3516 1313 3575 ’Έλληνες
1333 3521 1448 3572 τότε,

505 3589 607 3634 ἄλλ’
632 3591 676 3636 ἐς
695 3592 841 3650 μάχην
863 3594 1082 3650 ὁρμῶντες
1102 3591 1291 3654 εὐψύχῳ
1313 3593 1485 3650 θράσει.
1522 3613 1560 3638 κ.
1576 3614 1616 3639 τ.
1630 3597 1676 3639 λ.
1718 3595 1862 3654 (Pers.
1878 3595 2005 3654 386.)
