2288 4036
231 197 338 252 728
351 197 627 252 Homerica
636 200 854 270 pictura
873 219 984 252 cum
1003 201 1308 273 Viryiliana
1329 204 1662 274 componitur.
1670 224 2020 258 PRAEL.xxxv1.

226 342 349 400 lare
380 346 680 420 quoddam
713 366 782 404 30
820 347 1162 423 proprium:
1207 367 1361 406 neve
1394 348 1583 421 (verbi
1617 357 1818 425 causa)
1850 359 2025 427 petu-

226 440 355 499 lans
408 442 661 519 quilibet
702 443 962 519 juveniS‚
1017 452 1123 502 aut
1174 465 1331 503 uxor
1381 447 1617 521 pudica,
1668 459 1773 505 aut
1825 449 2025 526 regius

226 543 413 599 intret
459 560 661 610 senex,
695 542 796 599 sed
848 541 1080 600 Paridis
1126 544 1309 619 ipsius
1355 564 1624 620 persona,
1658 545 1749 602 vel
1786 545 2027 603 Andro-

224 640 472 709 machae,
506 640 601 698 vel
634 640 876 699 Priami.

315 737 569 796 Homeri
603 739 732 798 laus
764 741 1068 798 excellens
1095 749 1157 799 et
1190 761 1426 800 summa
1449 742 1774 801 delectatio
1805 743 1867 799 in
1898 763 2027 800 mo-

147 861 157 874 *
225 839 389 896 ribus
424 838 675 896 heroum
710 840 856 898 etin
890 840 1128 898 actione
1159 841 1419 917 ponitur.
1513 841 1741 899 Locum
1783 861 2024 899 omnem

226 938 302 995 de
333 958 470 996 rure
506 958 574 996 ac
609 938 850 997 Natura
891 947 1111 998 tractat
1133 994 1136 997 Α
1157 939 1260 998 ille
1292 941 1532 1017 quidem
1568 941 1889 1010 uberrime,
1922 942 2026 998 sed

226 1057 298 1095 eo
330 1038 549 1106 anime,
580 1045 650 1095 ut
692 1058 930 1116 semper
968 1047 1243 1097 actorum
1275 1047 1475 1116 partes
1507 1048 1570 1098 et
1600 1041 1817 1119 agendi
1850 1041 2031 1098 ratio-

225 1155 367 1194 nem
399 1135 535 1194 luce
566 1136 767 1214 aliqua
797 1139 1001 1196 donet.
1093 1138 1355 1217 Virgilio
1387 1149 1519 1197 tum
1552 1140 1798 1198 demum
1829 1138 2030 1217 placet

226 1237 490 1295 narratio
533 1256 654 1303 sua,
688 1257 827 1295 cum
867 1239 925 1295 in
971 1237 1103 1296 loco
1137 1238 1339 1315 aliquo
1370 1247 1643 1297 versatur
1683 1239 2027 1297 amoeniore.

229 1335 344 1395 Ille
375 1343 623 1414 propter
657 1337 932 1396 homines
960 1337 1210 1396 flumina
1239 1358 1308 1397 ac
1339 1338 1550 1416 sylvaS‚
1579 1339 1678 1397 hic
1710 1338 2027 1396 fluminum

228 1456 298 1495 ac
340 1436 640 1516 sylvarum
689 1438 883 1515 gratia
923 1438 1093 1515 ponit
1142 1438 1285 1507 fata,
1330 1457 1647 1515 moresque
1696 1438 2030 1497 hominum.

229 1536 384 1594 Cum
412 1535 669 1595 Homeri
702 1538 1013 1595 mentione
1044 1545 1361 1595 recurrunt
1391 1537 1553 1595 illico
1587 1539 1880 1615 imagines
1912 1558 2031 1595 non

180 1714 190 1721 ⁷
230 1637 468 1695 Xanthi
514 1657 583 1695 30
631 1636 981 1706 SimoentiS,
1013 1657 1211 1714 neque
1257 1637 1449 1695 litoris
1480 1637 1693 1706 Troici,
1726 1639 1829 1696 sed
1875 1638 2033 1715 ipso-

229 1732 362 1796 rum
397 1736 774 1803 bellantium,
808 1734 1083 1805 Achillis,
1119 1735 1425 1805 Hectoris,
1457 1743 1839 1795 caeterorum.
1932 1736 2033 1795 Illi

231 1843 461 1904 contra,
501 1854 649 1912 quos
687 1833 931 1912 Virgilii
969 1834 1148 1910 juvat
1194 1835 1504 1904 memoria,
1543 1836 1899 1913 cogitabunt
1944 1835 2035 1894 ul-

230 1944 324 1992 tro
372 1935 447 1991 de
494 1930 670 1991 litore
711 1932 912 2009 aliquo
960 1932 1055 1990 vel
1091 1932 1360 2002 flumine,
1399 1935 1474 1992 de
1515 1933 1661 1992 locis
1706 1934 1831 1992 sive
1876 1934 2036 1992 laetis

230 2054 337 2092 seu
380 2034 789 2101 sacrosanctiS,
820 2053 1079 2109 quorum
1125 2032 1228 2090 ille
1270 2033 1568 2110 picturam
1613 2033 1870 2093 heroicis
1915 2035 2037 2093 suis

228 2132 569 2192 admiscuit.
661 2129 873 2208 Atque
913 2132 976 2188 in
1013 2129 1125 2190 hac
1170 2150 1235 2188 re
1277 2132 1779 2201 consentientem,
1811 2139 1880 2190 ut
1912 2132 2040 2209 opi-

231 2253 358 2301 nor,
395 2252 638 2290 mec-um
686 2231 924 2289 habebo
973 2230 1315 2308 elegantem
1361 2230 1528 2288 illam
1577 2230 1888 2288 Pictorum
1935 2251 2039 2290 na-

232 2332 483 2389 tionem.
567 2330 877 2388 Nimirum
911 2331 1012 2406 qui
1047 2349 1124 2387 ex
1159 2329 1432 2387 Homero
1464 2329 1776 2387 materiam
1812 2318 2040 2388 sumse-

234 2439 395 2501 runt,
427 2450 599 2508 reges
627 2430 985 2507 plerumque
1016 2437 1080 2486 et
1110 2428 1314 2506 praelia
1342 2427 1696 2505 nobilesque
1727 2429 2035 2486 foeminas:

237 2532 338 2608 qui
386 2551 420 2589 e
457 2529 739 2609 Virgilio,
784 2549 922 2586 rura
969 2529 1315 2605 pinxerunt,
1366 2527 1668 2584 montium
1717 2527 2039 2595 anfractus

236 2649 528 2706 aquarum
573 2628 792 2705 lapsuS,
829 2628 1022 2686 nubes
1063 2625 1375 2694 colorataS,
1409 2633 1625 2683 caetera
1656 2626 1877 2693 omnia,
1909 2645 2042 2709 quae

236 2728 311 2785 ad
351 2727 597 2785 tacitam
646 2726 955 2803 pertinent
997 2725 1318 2783 Naturam.
1412 2723 1585 2781 Num
1630 2724 1694 2780 in
1738 2724 1901 2780 omni
1938 2722 2044 2780 ΖΕ-

236 2826 414 2884 neide
455 2825 696 2903 gravius
726 2824 1015 2901 quiddam
1046 2831 1153 2881 aut
1184 2830 1388 2881 actum
1422 2829 1515 2881 est
1546 2829 1652 2880 aut
1691 2822 1788 2899 agi
1822 2821 2043 2898 potuit,

240 2945 418 3002 quam
473 2926 702 3002 primus
750 2923 958 2982 AEneae
1012 2943 1152 2982 011111
1205 2923 1327 2981 suis
1378 2921 1648 2999 Trojanis
1685 2921 1785 2979 -ad
1838 2920 2044 2979 littora

243 3025 600 3083 Latinorum
633 3023 958 3101 appulsus?
1009 3043 1155 3081 num
1188 3031 1318 3081 erat
1347 3023 1452 3080 ubi
1485 3021 1730 3080 liberius
1761 3022 2047 3098 spatiare-

241 3134 343 3183 tur
379 3125 480 3201 qui
527 3123 863 3181 decreverit
909 3123 1132 3181 imitari
1178 3141 1273 3180 res
1316 3133 1517 3200 gestas
1562 3139 1896 3198 regumque
1938 3120 2049 3177 du-

242 3244 522 3301 cumque,
544 3224 669 3281 sive
699 3222 872 3301 sty10,
900 3242 1005 3281 seu
1037 3221 1280 3298 liquidis
1304 3220 1645 3279 coloribus?
1692 3220 1795 3277 sed
1823 3226 2046 3288 tamen,

245 3316 346 3402 qui
379 3343 513 3381 eam
546 3342 672 3380 rem
698 3322 1010 3399 expressit,
1044 3321 1315 3379 eruditus
1346 3339 1488 3378 sane
1519 3320 1731 3395 pictor,
1759 3317 2049 3377 Claudius

248 3422 694 3500 LotharingiUS,
727 3441 989 3489 omnem,
1021 3421 1112 3478 uti
1158 3421 1364 3488 nostis,
1398 3438 1642 3496 operam
1679 3417 1825 3495 poni
1857 3415 2049 3473 voluit

246 3525 307 3580 in
340 3523 482 3600 ipsis
513 3521 781 3580 locorum
814 3520 1360 3578 amoenissimorum
1394 3517 1641 3576 deliciis·
1734 3515 1956 3592 Neque
1987 3507 2048 3572 id
