2288 4036
168 302 321 336 PRAEL.
346 303 505 336 xxxv,
574 283 903 353 Componitur
927 282 972 333 is
1000 300 1108 333 cmm
1135 280 1315 333 nostris
1340 279 1627 350 Epicureis.
1817 281 1921 332 703

169 447 353 506 genus
382 429 697 494 sermonis;
738 445 926 502 usque
957 445 1027 482 eo
1059 426 1199 482 dum
1231 425 1541 481 incurrerit
1571 424 1629 479 in
1663 421 1920 497 aliquam

170 525 531 581 mentionem
563 525 688 599 ejus
712 522 840 579 caeli
873 542 940 579 ac
971 529 1256 578 terrarum
1288 518 1760 596 pulchritudiniS,
1787 538 1921 593 quae

172 621 353 678 oculis
383 622 540 678 cerni
571 627 784 696 potest.
872 619 1109 692 Nempe
1139 617 1283 674 vitia
1310 617 1542 673 intento
1573 623 1770 672 narrat
1800 616 1923 672 ani-

168 737 284 785 me,
309 717 568 774 remedia
597 715 894 792 languido,
963 713 1182 782 Quidni
1207 714 1401 780 faciat,
1421 731 1557 770 cum
1582 731 1710 770 eam
1737 711 1920 770 solam

169 814 397 869 noverit
447 814 755 879 rationem,
803 830 930 886 quae
981 829 1218 867 omnem
1269 808 1685 885 aegritudinem
1741 808 1921 865 levari

169 909 312 965 velit
363 909 713 965 commentis
765 926 984 973 eorum,
1034 907 1134 980 qui
1190 904 1381 962 solent
1434 905 1752 980 disputare,
1803 923 1921 960 non

169 1012 292 1062 tam
322 1005 382 1060 in
413 1004 625 1061 scholis
657 1023 832 1079 quam
864 1005 924 1059 in
956 1003 1306 1078 quibusdam
1337 1002 1622 1059 officinis?

253 1101 382 1158 “At
412 1101 570 1158 enim
602 1109 663 1158 et
694 1120 925 1176 semper
954 1101 1117 1158 fuere
1147 1099 1431 1166 nonnulli,
1457 1107 1518 1157 et
1542 1107 1741 1156 nostro
1771 1118 1922 1174 prae-

169 1199 370 1256 sertim
420 1206 687 1273 tempore
738 1217 857 1254 non
911 1216 1086 1273 parva
1136 1204 1226 1254 est
1278 1215 1480 1253 eorum
1533 1196 1772 1264 familia,
1821 1198 1916 1270 qui

168 1294 311 1352 velis
342 1294 638 1370 equisque,
670 1302 738 1351 ut
769 1296 950 1362 aiunt,
983 1313 1113 1351 eam
1145 1294 1297 1350 tueri
1342 1312 1460 1350 non
1492 1300 1769 1350 verentur
1798 1293 1921 1367 opi-

167 1392 438 1459 nionem3
483 1409 645 1466 spem
689 1409 924 1447 omnem
959 1389 1236 1447 videlicet
1281 1397 1342 1446 et
1387 1390 1685 1447 fortunam
1728 1390 1917 1446 homi-

166 1507 308 1545 num
366 1488 426 1543 in
484 1506 554 1544 eo
612 1488 908 1562 praecipue
967 1486 1135 1553 verti,
1191 1495 1259 1542 ut
1318 1486 1469 1543 bene
1526 1487 1920 1562 respondeant

167 1583 610 1659 anquirentibus
641 1584 715 1640 de
743 1590 912 1639 motu
943 1582 1220 1648 siderum,
1245 1582 1319 1639 de
1348 1583 1634 1640 metiendi
1666 1582 1918 1648 solertia,

167 1680 240 1737 de
270 1679 821 1737 mathematicorum
855 1686 916 1736 et
946 1678 1320 1754 physicorum
1352 1679 1656 1737 oraculiS.’'
1739 1679 1918 1736 Esto:

166 1793 371 1831 verum
415 1773 560 1829 illud
606 1774 786 1830 etiam
831 1775 977 1830 scire
1015 1773 1210 1841 velim,
1241 1793 1315 1831 an
1347 1774 1448 1848 qui
1492 1774 1604 1831 ista
1643 1782 1767 1831 tam
1811 1774 1921 1830 iin-

166 1889 345 1945 pense
384 1869 642 1936 laudant,
674 1869 853 1939 iidem
897 1868 1016 1926 ullo
1054 1877 1322 1945 tempore
1358 1888 1420 1926 se
1465 1869 1920 1945 significaverint

167 1965 348 2020 taedio
392 1963 623 2020 vivendi
672 1962 950 2030 laborare,
996 1971 1058 2020 et
1108 1964 1326 2019 sentire
1373 1963 1717 2038 profundius
1761 1982 1920 2019 com-

164 2079 400 2116 munem
435 2059 597 2116 illam
628 2061 892 2116 omnium
938 2059 1277 2116 mortalium
1309 2059 1734 2135 aegritudinem.
1825 2048 1918 2114 Ex

168 2177 284 2232 quo
314 2156 681 2232 intelligitur,
707 2157 967 2213 futuram
992 2175 1117 2213 esse
1141 2158 1377 2232 penitus
1407 2155 1582 2213 aliam
1605 2175 1805 2213 eorum
1832 2163 1921 2212 at-

167 2274 282 2329 que
308 2252 572 2311 Lucretii
602 2254 909 2310 rationem.
982 2252 1170 2310 Nulla
1192 2254 1346 2328 apud
1373 2273 1472 2310 eos
1503 2255 1918 2330 aegrotantium

165 2352 494 2409 animorum
540 2350 859 2407 confessio:
906 2349 1069 2406 nulla
1109 2349 1346 2406 collatio
1377 2350 1663 2407 verissimi
1705 2349 1919 2406 doloris

164 2466 299 2505 cum
344 2446 778 2503 medicamento
816 2447 1080 2502 omnium
1112 2445 1466 2502 futilissimO.
1557 2444 1618 2501 N
1624 2465 1697 2501 on
1739 2446 1920 2522 igitur

166 2563 270 2620 per
299 2562 398 2600 eos
429 2542 623 2608 stabit,
656 2544 797 2617 quin
827 2550 987 2599 recte
1016 2542 1247 2618 judicet
1275 2542 1500 2618 aliquis,
1533 2561 1811 2619 magnum
1844 2542 1918 2598 ab

166 2641 293 2717 ipso
331 2640 609 2697 Lucretio
653 2641 902 2716 praeberi
947 2640 1372 2706 testimonium,
1418 2640 1597 2696 etiarn
1643 2639 1918 2696 adversus

166 2756 228 2795 se
258 2756 541 2812 suamque
571 2736 955 2813 disciplinam.
1044 2736 1217 2793 Adeo
1248 2756 1362 2793 non
1397 2737 1641 2793 obscure
1680 2738 1917 2804 indicat,

166 2835 436 2892 hariolari
483 2853 563 2901 se,
599 2834 722 2891 haec
767 2834 964 2890 omnia
1008 2853 1157 2890 vana
1203 2835 1342 2901 fore,
1387 2852 1578 2909 neque
1625 2833 1798 2894 aliam
1842 2835 1918 2891 ob

167 2951 401 2991 causam
453 2931 536 2987 eis
583 2929 1091 3004 acquiescendum,
1138 2949 1314 3004 quam
1363 2931 1500 3005 quia
1550 2931 1743 2988 desint
1796 2951 1919 2987 me-

168 3017 329 3087 liora.
420 3027 641 3086 Similis
694 3026 1040 3102 plerumque
1085 3034 1174 3084 est
1220 3029 1490 3094 verentiS,
1537 3047 1611 3084 ne
1658 3029 1918 3085 remedia

168 3126 480 3201 subjecisse
510 3125 795 3192 videatur,
826 3124 1033 3181 morbo
1064 3125 1189 3199 ipso
1218 3126 1406 3201 magis
1437 3125 1793 3182 calamitosa.

250 3221 344 3279 Ac
373 3223 570 3278 nescio
601 3241 674 3277 an
704 3221 820 3277 huc
850 3221 1002 3277 forte
1046 3222 1339 3296 pertineat
1371 3221 1631 3278 clausula
1659 3222 1915 3278 universi

167 3319 291 3394 ejus
327 3317 642 3382 PoematiS,
682 3324 849 3374 curto
886 3318 1044 3392 quasi
1093 3317 1192 3374 filo
1237 3318 1571 3386 desinentiS,
1618 3319 1676 3374 in
1723 3319 1916 3380 media

165 3414 407 3471 historia
435 3399 615 3489 pestis
644 3412 799 3469 illius
830 3411 1057 3469 Atticae
1079 3421 1121 3469 ⁰.

400 3526 607 3584 Namque
629 3540 732 3569 suos
755 3526 1109 3583 consanguineos
1132 3527 1271 3570 aliena
1291 3541 1503 3583 rogorum

838 3660 859 3681 0
887 3651 1018 3695 Lucr.
1042 3651 1083 3695 6.
1113 3653 1238 3695 1281.
