2288 4036
298 164 408 218 668
640 166 888 219 Ovidiwm
899 167 1186 237 pereqrina
1211 167 1386 219 omnia
1411 184 1657 230 narrare,
1715 187 1877 222 PRAEL.
1900 187 2096 222 xxxm.

298 331 418 369 non
453 311 693 389 Physici
733 331 902 369 more
938 310 1071 370 haec
1103 312 1306 371 omnia
1350 313 1572 370 narrari
1618 314 1931 391 significet.
2022 313 2094 372 Id

297 411 559 488 proximi
593 429 795 470 versus
825 409 1076 479 addunt,
1109 418 1173 468 et
1206 411 1607 488 pulcherrime
1638 414 1916 488 quidem:

541 532 614 577 Ne
634 531 748 577 mihi
768 539 868 577 tum
891 533 1049 577 molles
1071 532 1160 577 sub
1183 531 1258 577 dio
1280 548 1460 591 carpere
1481 547 1684 586 somnos,

540 605 647 650 Neu
669 605 805 651 dorso
828 606 1027 650 nemoris
1048 606 1186 651 libeat
1205 606 1402 665 jacuisse
1424 622 1505 665 per
1524 606 1730 660 herbam,

542 679 663 724 Cum
683 680 844 738 positis
867 694 1016 725 novus
1039 680 1228 733 exuviis,
1250 680 1515 741 nitidusque
1529 681 1735 740 juventa,

539 752 767 806 Volvitur,
790 759 868 797 aut
890 753 1064 798 catulos
1086 754 1217 799 tectis
1239 760 1318 799 aut
1338 769 1424 799 ova
1444 755 1720 813 relinquens,

542 825 732 871 Arduus
754 825 811 870 ad
836 825 1003 880 Solem,
1026 833 1070 871 et
1090 827 1260 886 linguis
1283 827 1420 872 micat
1441 842 1519 872 ore
1538 828 1753 872 trisulcis.

301 924 481 992 Illud,
512 922 617 982 sub
648 923 769 995 dio,
803 933 866 983 et
897 923 1072 984 dorso
1116 926 1373 984 nemoris
1400 926 1664 1003 jacuisse
1697 946 1812 1006 per
1846 923 2098 995 herbam,

300 1025 504 1083 nescio
557 1025 861 1101 quomodo
921 1044 1049 1083 rem
1110 1035 1354 1083 revocat
1413 1025 1476 1082 in
1529 1043 1915 1084 communem
1975 1045 2103 1083 om-

301 1125 470 1182 nium
515 1124 924 1201 provinciam:
973 1143 1094 1182 non
1134 1123 1251 1182 alia
1287 1124 1478 1183 ferme
1524 1126 1772 1194 ratione,
1805 1144 1874 1183 ac
1905 1125 2103 1183 solent

299 1225 606 1282 interdum
641 1223 867 1282 Musici
911 1223 1250 1300 simplicem
1282 1223 1545 1300 aliquam
1578 1223 1946 1282 cantilenam
1977 1243 2105 1281 om-

300 1324 598 1400 nibusque
651 1323 1037 1381 decantatam
1100 1324 1375 1381 intexere
1433 1322 1630 1381 modis
1677 1322 2109 1381 delicatissimo

301 1424 556 1482 artificio
601 1423 910 1481 confectis,
1003 1422 1100 1480 Ex
1139 1442 1258 1499 quo
1297 1421 1573 1492 efficitur,
1605 1442 1810 1481 amore
1840 1422 2102 1499 quodam

302 1523 488 1601 tangi,
521 1522 624 1600 qui
655 1521 800 1581 alias
831 1521 1048 1600 frigide
1078 1529 1320 1580 tantum
1352 1529 1523 1580 erant
1554 1522 1873 1580 laudaturi.

391 1622 579 1681 Porro
609 1642 731 1680 non
762 1642 955 1699 pauca
994 1621 1181 1680 habet
1213 1620 1485 1692 Ovidius,
1518 1642 1658 1699 quae
1688 1623 1751 1680 in
1780 1621 1895 1680 hac
1926 1634 2106 1680 causa

303 1742 425 1780 non
449 1721 608 1780 male
632 1721 904 1780 conferat
928 1721 1145 1797 aliquis
1170 1738 1310 1779 cum
1320 1720 1693 1799 Virgilianis.
1740 1718 1874 1779 Diis
1896 1719 2104 1799 geniti,

303 1822 462 1899 apud
509 1829 854 1897 utrumque,
887 1827 1171 1896 quaerunt
1215 1820 1502 1879 mortales
1547 1821 1774 1879 avitam
1819 1820 2105 1888 domum3

303 1921 460 1998 apud
495 1919 656 1978 hunc
692 1919 981 1987 phaeton,
1015 1918 1175 1996 apud
1212 1919 1387 1977 illum
1417 1919 1737 1979 Aristaeus,
1829 1917 2106 1995 Uterque

304 2020 534 2079 divinas
567 2018 840 2096 depingit
871 2019 1044 2086 aedes,
1068 2017 1167 2077 hic
1200 2018 1373 2087 Solis,
1407 2018 1511 2076 ille
1545 2014 1903 2077 Nereidum.
1995 2013 2108 2077 Vi-

305 2119 448 2176 dete
479 2136 638 2185 vem,
671 2121 968 2192 quantum
1014 2115 1174 2172 inter
1204 2134 1306 2173 eos
1336 2115 1592 2172 intersit.
1683 2113 1967 2192 Fulgent,
1998 2113 2111 2170 mi-

306 2224 463 2284 cant,
508 2220 791 2272 resonant
833 2211 1164 2271 Ovidiana:
1211 2212 1362 2270 nihil
1409 2212 1487 2270 ibi
1536 2230 1658 2270 non
1702 2211 2107 2290 peregrinum,

306 2316 494 2373 immo
527 2313 938 2391 prodigiosum
959 2318 1000 2368 ⁰.

552 2437 694 2496 Regia
711 2424 846 2481 Solis·
859 2443 954 2480 erat
976 2433 1252 2480 sublimibus
1275 2440 1380 2498 apta
1401 2434 1644 2487 columnis,

553 2511 687 2556 Clara
708 2511 904 2555 micante
925 2525 1051 2563 auro,
1075 2509 1373 2569 flammasque
1394 2508 1600 2554 imitante
1620 2520 1822 2569 pyropo·;

553 2586 699 2645 Cujus
721 2582 836 2630 ebur
855 2583 1055 2629 nitidum
1075 2583 1256 2642 fastigia
1278 2598 1460 2628 summa
1480 2583 1677 2637 tenebat,

550 2659 743 2720 Argenti
763 2658 932 2704 bifores
955 2657 1193 2702 radiabant
1212 2657 1386 2702 lumine
1406 2658 1550 2702 valvae
1569 2675 1580 2702 z

551 2734 792 2779 Materiem
815 2732 1057 2792 superabat
1078 2746 1195 2791 opus
1212 2750 1226 2785 ;
1261 2747 1369 2776 nam
1392 2729 1604 2776 Muciber
1623 2728 1715 2776 illic

552 2808 760 2869 AEquora
781 2808 962 2853 caelarat
980 2806 1153 2852 medias
1176 2805 1404 2865 cingentia
1424 2811 1583 2858 terras,

550 2884 886 2942 Terrarumque
908 2881 1081 2934 orbem,
1104 2882 1373 2940 caelumque,
1398 2873 1522 2940 qu'od
1543 2879 1750 2924 imminet
1771 2878 1886 2923 orbi.
1905 2912 1915 2924 .
1937 2911 1946 2923 .
1966 2912 1975 2923 .

555 2958 670 3003 Haec
694 2972 831 3016 super
851 2957 1066 3016 imposita
1087 2963 1155 3001 est
1181 2956 1279 3001 caeli
1299 2954 1516 3015 fulgentis
1538 2955 1705 3014 imago,

555 3032 788 3092 Signaque
810 3046 888 3076 sex
909 3030 1084 3076 foribus
1108 3028 1293 3083 dextriS,
1316 3028 1597 3089 totidemque
1619 3027 1829 3073 sinistris,

311 3147 467 3204 Tum
500 3153 636 3223 post
665 3144 886 3223 paullo,

918 3261 1153 3321 Purpurea
1173 3263 1347 3307 velatus
1368 3267 1493 3306 veste
1514 3258 1698 3304 sedebat

554 3338 609 3382 In
633 3338 746 3383 solio
769 3337 973 3383 Phoebus
995 3337 1127 3383 claris
1148 3338 1328 3382 lucente
1350 3329 1617 3393 smaragdis.

977 3519 998 3541 ⁰
1020 3511 1317 3570 Metamorph.
1343 3522 1384 3554 2.
1415 3522 1452 3552 1.
