2288 4036
970 230 1328 281 INDEX.

185 357 403 401 Comoedice
425 354 535 421 quid
549 355 605 398 sit
621 355 864 412 proprium,
883 356 972 398 xix.
990 355 1091 422 336.

241 415 415 465 Dantis,
458 413 568 456 ratio
601 427 700 457 vere
742 413 906 465 divina,
942 414 1092 456 xxxiii.

238 473 339 540 678.
387 472 529 528 specie
568 471 801 523 horridior,
845 471 945 529 679.
992 486 1093 537 pro-

238 532 360 588 piora
381 531 522 573 multa
542 529 661 586 apud
683 530 956 586 Euripidem,
974 530 1092 572 xxix.

238 589 372 645 605.

185 647 406 703 Confessio
438 646 631 689 solennis
663 653 943 702 peccatorum
977 646 1096 703 apud

238 705 521 762 AEschylum,
542 705 631 747 xxi.
655 704 755 761 396.

184 764 495 808 Conscientiam
515 764 648 806 tacito
665 763 790 820 quasi
804 776 902 806 rore
920 763 1095 814 stillare,

237 837 326 865 xxx.
411 835 450 864 2.

185 832 450 924 clamengiis
453 879 549 922 caeli
582 893 631 921 ac
661 885 788 922 terrae
820 893 922 922 cum
951 877 1096 921 homi-

237 953 346 981 num
368 937 542 988 animis,
566 938 714 979 xxxix.
740 948 840 995 795.

183 997 416 1040 Consilium
436 995 653 1052 primariae
683 995 871 1038 Poeseos
895 1002 1015 1046 nota,
1037 995 1095 1038 vi.

241 1055 310 1112 78.
345 1053 653 1096 ardentissimo
685 1054 867 1097 carmini
898 1068 990 1097 non
1020 1053 1095 1096 de-

238 1127 347 1163 esse,
370 1112 503 1155 xxvii.
527 1123 627 1168 553.

184 1171 393 1215 Constare
404 1171 500 1222 sibi,
509 1170 716 1212 Veritatis
729 1169 958 1221 indicium,
969 1185 1009 1213 v.
1021 1181 1093 1227 57.

186 1230 398 1285 Contayia
419 1229 684 1278 animorum,
706 1228 764 1271 vi.
790 1239 858 1285 74.

183 1288 485 1332 Controversia
505 1294 596 1329 erat
617 1286 735 1337 facti,
757 1301 848 1329 non
863 1286 993 1344 juris,
1012 1287 1095 1329 Dis

239 1347 374 1390 semel
393 1345 568 1396 locutis,
591 1345 694 1387 xxii.
718 1359 818 1410 429

183 1405 318 1461 Copia
348 1404 395 1446 in
423 1418 591 1446 annum
616 1418 806 1460 provisa,
834 1403 1000 1446 mirum
1026 1403 1095 1445 in-

238 1463 326 1519 opi,
347 1462 434 1505 xiv.
460 1472 559 1518 237.

185 1521 366 1565 Corallii
379 1520 496 1577 apud
512 1519 781 1577 AEschylum
794 1519 974 1571 mentio,
991 1519 1095 1563 xvii.

269 1593 340 1623 00.

186 1593 380 1694 Coipora
413 1636 617 1679 Heroum
643 1636 851 1679 inviolata
881 1636 1095 1694 quodam-

238 1695 388 1746 modo,
410 1695 543 1738 xxvii.
567 1706 668 1751 542.

187 1753 383 1797 Corinthi
410 1753 588 1796 laudem
620 1767 722 1796 cum
754 1752 884 1796 laude
917 1752 1095 1796 victoris

239 1812 465 1869 conjungi,
517 1826 618 1854 xxv.
671 1825 774 1865 512.
829 1810 1095 1854 Corinthum

240 1869 373 1921 adire,
395 1869 528 1912 xxvii.
551 1881 653 1926 543.

185 1928 361 1971 Coronae
386 1928 650 1971 athletarum
676 1942 702 1969 a
731 1927 923 1970 Pindaro
944 1927 1097 1970 lauda-

239 1993 311 2038 tae,
339 2001 443 2029 xxv.
470 1997 570 2043 495.
609 1985 793 2029 caelestis
821 1985 941 2042 apud
974 1986 1097 2029 Dan-

238 2052 331 2088 tem
352 2044 532 2100 species,
554 2044 704 2087 xxxiii.
728 2044 829 2100 678.

186 2104 272 2146 The
292 2102 478 2145 Cotter's
496 2102 715 2158 Satur-day
730 2103 882 2158 Niyht,
908 2101 1098 2145 Carmen

239 2161 496 2217 Anglicum,
519 2160 635 2203 xxiv.
660 2159 760 2213 468.

185 2219 391 2263 Cowleius
411 2233 515 2262 cum
537 2218 780 2261 Pindaricis
802 2219 1097 2275 componitur,

239 2293 341 2320 xxv.
365 2289 466 2334 502.

186 2335 376 2379 Crateroe
396 2336 539 2392 plenae
561 2349 640 2378 cur
665 2334 820 2377 similis
849 2334 906 2378 sit
931 2342 1098 2386 cantor,

238 2409 342 2436 xxv.
366 2405 467 2450 503.

187 2451 326 2495 Creon
332 2409 636 2518 S5,ophocleus
665 2450 881 2507 AEdipodi
902 2451 1099 2502 similior,

239 2510 390 2553 xxviii.
413 2509 514 2566 568.

187 2568 316 2611 Creta
338 2575 445 2625 quot
466 2567 598 2610 urbes
620 2567 837 2617 habuerit,
860 2567 946 2610 xvi.
974 2566 1073 2624 267.

187 2626 391 2670 Cretheus
445 2625 564 2682 apud
623 2625 857 2682 Virgilium
909 2625 1097 2676 occisus,

243 2684 391 2727 xxxvi.
418 2694 516 2740 734.

187 2742 395 2785 Criticam
416 2756 520 2785 curn
549 2741 678 2784 Poesi
701 2742 748 2784 in
776 2741 968 2784 deterius
999 2756 1098 2785 mu-

240 2800 338 2851 tari,
381 2800 409 2842 i.
454 2811 493 2856 7.
537 2799 796 2842 hodiernam
838 2800 974 2843 nimia
1014 2800 1097 2843 fre-

243 2858 422 2916 quentia
461 2872 653 2914 peccare,
694 2858 799 2900 ibid.
853 2857 1099 2901 obtusiores

243 2917 298 2960 ab
327 2931 377 2959 ea
403 2916 529 2959 reddi
550 2916 737 2967 animos,
758 2916 847 2959 viii.
875 2930 972 2959 110.
1005 2917 1100 2973 ejus

241 2981 459 3031 praecepta
503 2989 527 3019 e
580 2973 724 3017 Poetis
772 2974 975 3030 petenda,
1027 2988 1098 3017 xv.

243 3044 343 3089 253.
378 3032 531 3075 Critici
547 3032 786 3090 AEschylea
801 3032 1014 3075 humilius
1030 3032 1099 3076 in-

242 3097 554 3146 terpretantur,
576 3090 665 3133 xix.
689 3102 790 3147 353.

188 3148 363 3199 Crusoe,
390 3148 623 3199 Robinson,
649 3163 753 3191 cum
786 3149 947 3206 Ulysse
979 3162 1098 3191 com-

241 3207 434 3262 ponitur,
456 3206 515 3249 xi.
543 3206 640 3263 187.

188 3263 341 3307 Crucis
361 3265 595 3314 veneratio,
616 3265 661 3307 ii.
686 3278 755 3321 23.

189 3321 355 3422 Cubar6·e
378 3329 421 3364 et
452 3322 674 3373 accubare,
701 3322 807 3380 quid
837 3323 921 3366 sibi
950 3324 1098 3374 velint,

243 3395 271 3423 V
341 3390 381 3433 5·

189 3437 352 3538 Curgus
372 3437 595 3494 praecipua
622 3438 813 3481 Pindaro
835 3454 954 3490 cura,
978 3438 1096 3481 xxiv.

244 3510 272 3548 4
305 3509 346 3538 2.

190 3553 458 3609 Cyclopeium
478 3553 634 3603 otium,
656 3553 714 3595 xi.
741 3554 838 3596 182.

190 3610 391 3667 Cyclopis
422 3626 526 3654 cum
556 3610 687 3654 ariete
712 3626 871 3662 sermo,
907 3612 962 3654 xi.
1001 3613 1096 3668 183.

244 3668 345 3712 ostii
366 3669 459 3725 ejus
480 3683 703 3720 mensura,
725 3670 812 3713 xiv.
838 3681 936 3726 225.

1990 231 2097 286 829

1184 355 1346 412 Cyrene
1366 370 1392 397 a
1410 354 1601 398 Pindaro
1618 354 1851 411 descripta,
1869 370 1971 398 xxv.
1995 354 2096 412 506.

1239 428 1318 457 cur
1338 413 1377 456 ei
1400 413 1558 456 dilecta
1577 413 1722 464 fuerit,
1746 413 1863 456 xxvi.
1887 424 1987 470 533.

1611 530 1670 572 D.

1179 589 1429 631 Daemonum
1449 588 1752 631 testimonium
1773 587 1840 630 uti
1864 588 1922 630 D.
1948 587 2005 631 O.
2030 588 2096 630 M.

1240 647 1388 690 xxxiv.
1409 645 1510 703 693.

1182 705 1467 761 Damophilus
1518 706 1620 748 exul
1670 704 1789 760 apud
1842 704 2099 757 Pindarum,

1241 764 1374 806 xxvfi.
1399 762 1500 820 546.

1182 821 1430 864 Danaidum
1484 821 1647 873 fabula,
1709 828 1810 888 post
1870 820 2100 877 Supplices

1241 880 1443 938 AEschyli
1467 887 1664 930 v,entura
1688 880 1808 922 xxiii.
1832 890 1932 933 451,
1957 879 2058 934 464.

1182 939 1331 981 Danai
1364 953 1554 995 persona
1587 938 1706 994 apud
1745 937 1975 994 Supplices
2012 952 2100 996 quo

1242 997 1468 1052 pertineat,
1495 996 1613 1039 xxiii.
1637 996 1737 1050 460.

1181 1055 1350 1098 Dantes
1392 1055 1647 1111 Aligherus,
1690 1054 1928 1098 cantilenas
1970 1055 2101 1111 (Son-

1239 1113 1351 1168 nets)
1383 1113 1658 1169 conscripsit,
1691 1113 1808 1157 xxiv.
1841 1123 1942 1170 474.
1995 1114 2100 1156 sim-

1240 1172 1342 1227 plici
1371 1178 1436 1214 est
1466 1186 1576 1214 usus
1607 1172 1918 1222 instrumento,
1947 1171 2099 1214 xxxiii.

1241 1229 1342 1286 678.
1376 1236 1491 1272 recte
1522 1244 1567 1272 se
1593 1229 1725 1272 habet
1753 1229 1889 1272 ferme
1913 1231 2033 1272 solus
2054 1231 2102 1273 in

1240 1302 1286 1331 re
1311 1289 1487 1339 caelesti,
1517 1287 1617 1345 679.
1652 1289 1875 1344 sylvarum
1900 1288 2101 1331 obscuri-

1239 1353 1328 1389 tate
1366 1346 1677 1397 delectabatur,
1717 1346 1820 1388 ibid.
1871 1361 1950 1389 cur
1989 1361 2100 1389 usus

1239 1404 1371 1447 fuerit
1392 1404 1579 1460 Virgilio
1601 1404 1726 1454 duce,
1749 1405 1809 1446 xl.
1833 1403 1933 1447 806.

1181 1463 1315 1505 Darii
1336 1462 1456 1519 apud
1478 1462 1650 1520 AEschy
1640 1463 1746 1505 lum
1768 1477 1969 1519 persona,
1996 1463 2098 1506 xvii.

1240 1534 1342 1577 302.

1181 1579 1332 1622 David
1388 1578 1574 1622 heroicae
1628 1578 1803 1622 virtutis
1864 1580 2100 1646 exemplar,

1240 1637 1314 1680 vii.
1342 1651 1438 1681 100.
1470 1637 1836 1693 imprecationum
1858 1637 1951 1693 ejus
1974 1637 2098 1689 ratio,

1240 1696 1329 1741 xxi.
1352 1710 1452 1753 390.
1485 1695 1532 1737 in
1552 1695 1707 1738 itinere
1731 1695 1949 1738 viatorum
1978 1710 2100 1738 more

1241 1754 1439 1805 canebat,
1462 1769 1566 1796 xxx,
1590 1752 1690 1819 623.

1181 1812 1393 1862 Davison,
1415 1787 1458 1854 .,Ῑ.
1483 1813 1699 1854 sententia
1723 1812 1816 1868 ejus
1839 1810 1894 1854 de
1926 1810 2100 1855 Horatii

1242 1870 1310 1926 Ep
1313 1870 1468 1920 istolis,
1492 1871 1550 1912 xl.
1575 1871 1676 1913 801.

1184 1886 1310 1971 Dmp
1316 1928 1379 1971 ad
1399 1928 1626 1971 Adamum
1657 1927 1839 1970 effatum
1871 1927 2101 1970 Poeticum

1241 1987 1392 2037 fuisse,
1419 1987 1477 2030 iv.
1511 1987 1582 2039 48.
1617 1986 1776 2052 DEUM
1811 1986 2007 2028 Deorum
2044 1985 2099 2028 ab

1243 2045 1459 2102 AEschylo
1473 2044 1669 2101 agnosci,
1683 2044 1786 2086 xxii.
1802 2058 1903 2101 429.
1939 2043 2098 2086 DEUM

1242 2103 1371 2146 certis
1392 2102 1532 2146 locis
1524 2103 1783 2153 insuevisse,
1800 2101 1979 2145 xxxviii.
2000 2103 2099 2158 778.

1183 2162 1372 2227 Deorum
1406 2161 1454 2204 in
1492 2161 1628 2204 Iliade
1659 2161 1935 2203 velitantium
1974 2160 2100 2212 ratio,

1241 2219 1331 2262 viii.
1370 2230 1466 2275 115.
1498 2220 1630 2262 tacita
1660 2219 1707 2262 in
1741 2218 1959 2276 Odysseia
1989 2233 2101 2274 prae-

1244 2278 1398 2328 sentia,
1434 2278 1522 2320 xiii.
1562 2292 1659 2334 213.
1696 2277 1871 2320 Horatii
1900 2277 1953 2320 de
1979 2291 2030 2319 ea
2055 2291 2103 2320 re

1243 2336 1437 2379 edictum
1461 2336 1738 2392 expenditur,
1767 2351 1839 2378 xv.
1870 2347 1968 2391 253,
1993 2346 2034 2389 5,
2058 2334 2100 2378 6.

1243 2395 1406 2452 quibus
1449 2409 1494 2438 se
1538 2394 1727 2450 probant
1767 2393 1956 2444 indiciis,
2000 2394 2101 2450 258.

1243 2453 1374 2495 etiam
1415 2453 1461 2495 111
1503 2452 1708 2509 AEschyli
1748 2452 2097 2508 Agamemnone,

1242 2526 1315 2554 xx.
1339 2510 1439 2568 376.
1462 2525 1579 2567 seqq.
1611 2511 1695 2553 sibi
1720 2511 1911 2553 invicem
1940 2509 2103 2552 discre-

1243 2577 1413 2626 pantes,
1454 2569 1501 2611 in
1549 2568 1874 2612 Eumenidibus
1923 2568 2102 2611 concili-

1244 2634 1391 2678 antur,
1406 2627 1510 2670 xxii.
1529 2627 1629 2681 416.
1665 2628 1784 2670 Deos
1805 2626 1919 2669 inter
1941 2641 1987 2669 se
2007 2627 2105 2683 lege

1244 2685 1434 2743 quadam
1479 2686 1631 2736 teneri,
1675 2699 1774 2741 431.
1829 2684 2102 2728 discessuros

1243 2758 1318 2786 eos
1361 2744 1554 2786 minatur
1596 2751 1637 2786 et
1680 2743 1925 2793 Lucretius,
1969 2758 2101 2786 xxxv.

1246 2812 1345 2859 707.
1396 2801 1604 2844 mandata
1636 2816 1804 2852 eorum,
1826 2801 1873 2843 in
1898 2799 2102 2852 AEneide,

1243 2859 1476 2903 fraudibus
1501 2860 1693 2916 praetexi,
1715 2859 1864 2902 xxxvi.
1889 2869 1988 2916 725.

1184 2918 1407 2961 Deianirae
1430 2918 1667 2969 silentium,
1689 2918 1837 2961 xxviii.
1861 2917 1962 2974 569.

1185 2977 1367 3019 Delectu
1395 2976 1588 3034 quodam
1617 2983 1864 3019 noscuntur
1886 2975 2102 3027 Primarii,

1243 3033 1380 3091 v.67.

1103 3131 1107 3133 .
1185 3092 1379 3135 Deliacae
1399 3092 1608 3149 virgines,
1630 3092 1705 3134 xii
1734 3106 1830 3150 191.
1864 3092 1951 3135 xiv.
1971 3105 2071 3149 239.

1185 3151 1450 3206 Delphorum
1475 3150 1594 3206 apud
1618 3151 1799 3193 Graecos
1821 3150 1989 3206 religio,
2011 3150 2100 3192 xxi.

1244 3209 1345 3265 398.
1379 3209 1445 3251 vis
1473 3209 1568 3266 ejus
1592 3209 1639 3251 in
1668 3208 1969 3251 Eumenidum
1993 3208 2101 3251 Pro-

1242 3267 1360 3322 logo,
1398 3280 1499 3324 399.
1542 3267 1638 3309 laus
1680 3266 1798 3323 apud
1842 3266 2099 3317 Pindarum,

1241 3339 1359 3367 xxvi.
1382 3336 1454 3381 53.

1185 3385 1441 3441 Δημαγωγοὶ
1491 3397 1730 3440 procorum
1782 3382 1959 3433 similes,
2008 3382 2099 3425 xiii.

1244 3454 1342 3484 210.

1183 3499 1457 3542 Democritus
1490 3499 1669 3542 ·Poesin
1711 3498 1860 3554 jungit
1901 3498 2099 3549 insaniae,

1242 3557 1300 3599 iv.
1323 3571 1394 3614 43.
1428 3557 1521 3614 ejus
1543 3558 1673 3612 culpa
1693 3556 1832 3612 major
1853 3571 1985 3613 quam
2008 3556 2099 3599 Lu-

1243 3615 1378 3666 cretii,
1401 3616 1549 3658 xxxiv.
1573 3614 1674 3671 689.
1706 3614 1952 3656 voluntaria
1979 3628 2099 3657 mors

1243 3688 1268 3715 a
1289 3673 1495 3716 Lucretio
1516 3672 1706 3723 laudata,
1729 3672 1907 3714 xxxviii.
1933 3671 2032 3729 760.
