2288 4036
377 82 487 134 430
711 81 784 134 In
810 78 1189 135 Eumenidibus
1212 78 1291 132 ad
1311 79 1492 132 Jovem
1506 78 1810 149 provocari,
1863 95 2027 130 PnAEL.
2051 96 2186 130 xxn.

377 231 440 287 in
471 235 771 289 aeternum
804 227 988 287 dicari
1020 223 1297 293 voluerit,
1329 230 1562 283 temere
1581 226 1711 301 jam
1757 231 1891 281 tum
1928 221 2188 281 illuden-

376 329 540 390 tibus
570 328 626 386 ei
657 326 1112 385 tribunitiorum
1143 323 1459 382 hominum
1492 323 1793 382 furoribus
1813 322 1874 382 ‘³2

1226 440 1273 486 ἐν
1294 440 1342 486 δὲ
1363 443 1425 503 τῷ
1451 439 1593 495 σε’βας

739 517 903 571 ἀστῶν,
926 517 1075 576 φόβος
1096 534 1143 560 τε
1166 515 1385 575 συγγενὴς
1405 516 1456 560 τὸ
1477 515 1537 574 μὴ
1558 515 1709 560 ’δικεῖν

740 589 922 650 σχήσει,
944 591 995 635 τὸ
1019 589 1058 635 θ’
1082 588 1198 649 ἦμαρ
1221 589 1290 633 καὶ
1313 588 1402 634 κατ’
1426 590 1647 649 εὐφρόνην
1668 591 1797 647 ὁμῶς,

738 664 880 707 αὐτῶν
900 663 1096 707 πολιτῶν
1115 661 1174 719 μὴ
1195 659 1496 707 ’πικαινόντων
1517 663 1676 720 νόμους

740 739 889 783 κακαῖς
911 736 1179 795 ἐπιρροαῖσι·
1212 737 1426 796 βορβόρῳ
1449 735 1487 781 θ’
1509 734 1629 794 ὕδωρ

737 811 945 870 λαμπρὸν
963 810 1160 868 μιαίνων,
1186 808 1341 854 οὔποθ’
1365 808 1568 869 εὑρήσεις
1587 811 1740 856 ποτόν.
1759 845 1769 856 .
1791 844 1801 855 .
1821 844 1830 856 .

737 884 909 930 τοίονδε
932 903 1000 929 τοι
1023 886 1291 944 ταρβοῦντες
1313 883 1490 930 ἐνδίκως
1512 883 1667 938 σέβας,

737 958 877 1017 ἔρυμά
898 977 946 1002 τε
966 960 1131 1018 χώρας,
1154 958 1224 1002 καὶ
1246 960 1421 1004 πόλεως
1443 955 1664 1016 σωτήριον

736 1030 872 1090 ἔχοιτ’
894 1030 947 1077 ἂν
969 1029 1062 1077 οἷον
1082 1034 1200 1080 οὔτις
1221 1031 1463 1091 ἀνθρώπων
1483 1032 1593 1090 ἔχει,

736 1110 838 1152 οὔτε
861 1105 1094 1164 Σκύθῃσιν,
1116 1109 1217 1151 οὕτε
1238 1106 1453 1153 Πέλοπος
1474 1106 1520 1151 ἐν
1540 1107 1706 1152 τόποις·

738 1181 904 1240 κερδῶν
925 1180 1101 1227 ἄθικτον
1122 1184 1253 1226 τοῦτο
1273 1179 1607 1241 βουλευτήριον,

738 1255 921 1309 αἰδοῖον,
944 1255 1178 1315 ὀξύθυμον,
1202 1257 1417 1301 εὑδόντων
1437 1254 1547 1315 ὕπερ

738 1331 994 1391 ἐγρηγορὸς,
1016 1329 1255 1391 φρούρημα
1276 1333 1357 1391 γῆς
1378 1330 1660 1388 καθίσταμαι.

462 1449 625 1507 Mihi
677 1470 821 1508 vero
871 1451 954 1523 (id
1003 1451 1165 1528 quod
1215 1471 1339 1509 non
1387 1450 1575 1510 semel
1629 1448 1889 1509 antehac
1941 1450 2182 1526 edocui)

375 1550 617 1607 videtur
673 1549 736 1607 id
795 1569 988 1607 unum
1039 1549 1307 1608 maxime
1365 1549 1728 1627 pertinuisse
1787 1549 1863 1607 ad
1917 1549 2185 1607 officium

374 1646 575 1706 Attici
614 1648 783 1717 vatiS,
815 1655 887 1706 ut
918 1668 1293 1726 quaecunque
1328 1649 1516 1707 vellet
1560 1648 1810 1707 consilia
1846 1649 2008 1707 cives
2044 1665 2184 1706 suos

372 1748 450 1805 ad
487 1755 730 1825 tempus
775 1748 1107 1818 admoneri,
1139 1768 1212 1806 ea
1241 1750 1488 1807 contexi
1520 1748 1969 1826 quodammodo
2015 1766 2185 1805 cura-

373 1853 467 1904 ret
520 1867 661 1904 cum
713 1846 929 1905 altiore
986 1847 1190 1924 aliqua
1242 1848 1536 1918 doctrina,
1583 1868 1715 1924 quae
1775 1848 1851 1906 ad
1910 1847 2183 1915 honesta,

371 1954 598 2014 sancta,
645 1946 1015 2005 immortalia
1059 1948 1409 2024 pertineret.
1502 1947 1684 2019 Quid,
1715 1947 1879 2024 quod
1915 1945 2183 2005 Athenis

371 2067 614 2124 quoque
656 2047 779 2105 suis
818 2066 942 2104 non
982 2047 1351 2106 mediocrem
1388 2048 1689 2106 addiderit
1734 2047 1929 2106 laudis
1974 2067 2185 2105 cumu-

374 2146 527 2218 lum,
572 2166 714 2205 cum
769 2147 1016 2206 doceret
1061 2166 1140 2205 ex
1186 2167 1259 2207 ea
1307 2148 1691 2226 potissimum
1738 2148 1890 2206 urbe
1937 2164 2184 2205 manare

373 2265 495 2304 non
526 2246 708 2303 modo
739 2245 1056 2304 hominum
1088 2266 1301 2305 verum
1332 2247 1519 2306 etiam
1552 2246 1826 2306 Deorum
1846 2246 2026 2324 jura?

461 2346 680 2416 Quare,
724 2366 865 2404 cum
910 2346 1333 2424 appellationis
1381 2348 1556 2406 istius
1601 2348 1762 2424 apud
1811 2346 2182 2405 Eumenidas

371 2463 446 2502 ea
489 2445 568 2502 sit
612 2446 784 2514 rati0‚
831 2453 902 2503 ut
942 2445 1077 2504 Deo
1123 2454 1371 2504 auctore
1416 2453 1782 2524 provocetur
1825 2466 1862 2504 a
1907 2443 2182 2504 Deorum

370 2545 692 2614 sententia,
754 2565 874 2603 non
946 2553 1039 2605 est
1106 2566 1215 2604 cur
1274 2546 1517 2605 dubitet
1576 2546 1915 2623 quisquam,
1976 2544 2182 2602 Deum

371 2644 676 2719 quendam
708 2643 836 2702 fore
867 2644 943 2701 ad
975 2663 1157 2720 quem
1198 2643 1305 2701 fiat
1346 2643 1715 2720 provocatiO,
1750 2642 2023 2700 Deorum
2059 2660 2182 2699 non

371 2741 688 2800 hominum
749 2742 983 2801 calculo
1043 2763 1173 2800 rem
1231 2743 1525 2820 permitti.
1641 2742 1805 2813 Quid
1865 2739 2182 2818 quaeritis?

372 2839 699 2899 Summum
744 2842 809 2899 in
854 2842 968 2900 hac
1014 2842 1123 2900 lite
1162 2842 1465 2918 judicium
1513 2862 1592 2900 ne
1632 2842 1746 2919 ipsi
1777 2841 2022 2918 quidem
2056 2838 2182 2896 Mi-

371 2958 576 2999 nervae
617 2941 943 3011 tribuitur3
990 2941 1096 2999 sed
1133 2942 1209 2999 ad
1242 2940 1488 3000 Patrem
1520 2943 1666 3018 ejuS,
1698 2940 1920 2999 Jovem
1951 2939 2178 3017 σώτηρα

371 3036 501 3114 (qui
564 3039 808 3111 dicitur)
859 3058 1069 3096 omnes
1116 3040 1409 3098 universae
1461 3058 1659 3098 causae
1712 3037 2029 3097 arbitrium
2077 3037 2181 3094 de-

371 3136 594 3193 ferunt.
702 3135 823 3206 Qui
875 3137 1157 3214 primum,
1212 3139 1379 3196 edito
1432 3137 1602 3196 velut
1661 3138 1831 3215 signo
1885 3153 2177 3212 supremae

371 3232 534 3292 illius
570 3236 966 3305 auctoritatis,
999 3236 1227 3295 claudit
1259 3235 1699 3313 Delphicorum
1731 3235 2003 3293 Deorum
2034 3232 2177 3291 cho-

1123 3436 1138 3453 6
1171 3429 1301 3472 Eum.
1326 3427 1429 3487 693.
