2288 4036
1011 248 1367 301 INDEX.

236 379 336 421 Noa·
355 378 504 421 Mater
530 377 775 434 appellatur
805 375 860 419 ab
890 375 1149 419 Eumenidi-

293 436 394 487 bus,
417 435 522 478 xxii.
544 449 647 492 423.

235 494 432 536 Numen
421 509 469 536 m
491 493 709 551 Odysseia
737 492 1147 549 praesentissimum,

291 567 364 595 xv.
377 552 460 606 246
463 563 587 609 „253
599 562 698 608 255.
714 550 1150 594 rationenonaffectu

287 610 410 661 duci,
435 621 535 668 247.
582 610 764 676 propius
796 609 845 652 fit
874 609 1149 675 temporibus

290 668 514 726 inquietis,
533 668 632 722 258.
665 669 803 710 immo
820 668 942 710 omni
963 668 1149 710 fortasse

291 733 502 793 tempore,
547 726 734 769 Homeri
774 726 1002 776 sententia,
1047 736 1146 782 257.

291 785 441 828 omnia
481 800 584 828 cum
625 784 928 841 peccatoribus
964 790 1147 834 tentare,

294 842 394 886 261.
445 850 683 900 potestates
709 842 810 909 ‘ejus
844 842 899 885 ab
932 842 1149 899 AEschylo

290 901 479 945 invicem
530 901 736 968 separari,
777 901 895 944 xviii.
938 914 1024 957 323
1066 901 1146 943 &c.

291 973 394 1016 330.
441 960 653 1017 quaeritur
674 974 731 1002 an
754 958 806 1002 de
831 959 938 1016 Ejus
969 959 1147 1002 nomine

286 1015 466 1061 dubitet
500 1018 759 1075 AE‚schylus
791 1017 880 1060 ΧιΧ.
913 1029 1014 1074 350.
1067 1032 1146 1073 po-

287 1076 427 1119 ,tentia
444 1076 569 1133 Ejus,
583 1076 801 1134 aequitatis
817 1082 1146 1132 argumentum,

290 1134 395 1177 xxii.
419 1149 521 1191 434.
557 1136 627 1178 vel
654 1136 779 1177 nullo
810 1136 880 1177 vel
910 1135 1026 1177 malo
1054 1133 1148 1190 regi

286 1193 454 1244 omnia,
517 1193 812 1236 recentiorum
867 1191 1148 1250 quorundam

291 1251 455 1307 opinip,
477 1252 624 1295 xxxiv.
649 1251 750 1295 688.

228 1309 489 1358 Numinibus
539 1310 689 1353 omnia
738 1309 858 1366 apud
905 1308 1148 1352 Pindarum

289 1368 409 1420 foeta,
441 1368 575 1412 xxvii.
607 1379 708 1426 557.
767 1368 1065 1426 Sylvestribus
1096 1368 1148 1410 li-

287 1426 399 1470 bens
430 1427 572 1470 utitur
601 1427 847 1477 Lucretius,
870 1426 1022 1469 xxxiii.
1045 1428 1146 1483 677.

289 1499 442 1528 eorum
464 1485 710 1541 praesentiae
727 1485 859 1528 fidem
880 1484 1003 1528 addit
1024 1499 1147 1527 men-

291 1543 354 1586 tio
394 1544 609 1595 locorum,
650 1543 830 1587 xxxviii.
866 1553 966 1600 777.
1028 1542 1148 1599 apud

288 1600 528 1658 Virgilium
549 1616 599 1644 ea
622 1616 750 1645 curas
781 1601 1017 1645 hominum
1047 1616 1148 1658 par-

287 1659 484 1716 ticipant,
506 1660 656 1703 xxxix.
681 1670 781 1727 792.

227 1717 513 1766 ‚Numeroram
564 1718 752 1762 eximius
799 1718 980 1776 quidam
1019 1732 1146 1770 usus,

286 1776 317 1820 i.
336 1790 403 1820 12.
451 1791 505 1819 ex
531 1784 623 1820 arte
653 1777 794 1834 magis
825 1792 915 1829 eos,
938 1791 1072 1843 quam
1092 1791 1147 1819 ex

286 1834 482 1900 ingenio,
514 1834 718 1891 pendere,
750 1836 808 1882 iv
842 1849 914 1889 42.
966 1835 1059 1892 regi
1090 1834 1145 1878 ab

285 1892 341 1939 iis
400 1893 626 1937 interdum
677 1893 900 1960 cogitandi
950 1908 1145 1945 cursum,

285 1951 406 1994 xxiv.
429 1951 530 2005 466.
575 1952 750 1995 numeri
771 1952 1000 2002 faciliores,
1024 1967 1146 1995 amo-

286 2009 347 2052 ris
378 2009 608 2061 indicium,
631 2020 733 2068 477.
775 2010 895 2053 xxxi.
919 1986 1021 2067 638,
1044 2010 1145 2065 642.

286 2068 435 2111 xxxvi.
461 2078 561 2126 721.

228 2126 494 2173 Nutricula
484 2142 531 2175 m
554 2111 846 2183 Choephoris,
869 2127 1019 2171 xxviii.
1042 2126 1144 2180 566.

229 2184 542 2252 Nympharum
556 2185 603 2228 in
638 2185 791 2228 Ithaca
827 2185 927 2228 duae
970 2199 1145 2242 specus,

285 2243 345 2286 xi.
373 2243 470 2287 180.
531 2243 580 2286 in
616 2243 879 2287 Prometheo
919 2244 1143 2295 introitus,

285 2301 404 2344 xviii.
421 2315 521 2359 323,
536 2302 637 2359 326.
659 2302 973 2346 Thebanarum
986 2309 1142 2354 coetus,

282 2375 389 2403 xxv.
412 2372 513 2417 505.
555 2361 672 2404 xxvi.
697 2373 797 2417 531.
847 2361 1144 2404 Cadmearum

285 2419 445 2470 exitus,
477 2419 595 2462 xxvi.
636 2420 737 2475 518.
796 2434 887 2461 una
937 2418 1143 2476 quaedam

285 2478 450 2520 nuncia
485 2477 541 2520 ad
575 2477 733 2520 Manes
770 2477 973 2527 mittitur,
1007 2477 1141 2520 xxvii.

286 2535 389 2592 558.
424 2535 754 2578 Hellenicarum
769 2535 948 2586 formas,
972 2534 1028 2577 ad
1051 2535 1143 2578 Na-

284 2600 399 2637 turae
431 2594 695 2650 exemplaria
725 2593 889 2651 effingi,
912 2609 1016 2636 xxx.
1041 2592 1142 2650 615.

285 2651 566 2695 ludentium
556 2667 604 2695 ιιι
625 2651 816 2698 AEneide
845 2651 970 2704 ratio,
991 2652 1142 2695 xxxix.

288 2721 387 2768 792·
659 2768 716 2812 O

222 2825 457 2928 Ὀαριέτὺς
499 2827 676 2885 Ulyssis
722 2834 766 2871 et
808 2827 1042 2885 Calypsus,
1084 2827 1143 2870 xi.

292 2896 344 2942 17

234 2944 403 2991 Oblivio
439 2958 597 3001 poenae,
627 2943 751 2988 omni
786 2944 1031 2987 infortunio
1069 2959 1140 3001 pe-

281 3002 366 3060 jor,
389 3018 463 3045 xx.
485 3003 587 3069 378.

233 3061 457 3104 occisores
487 3061 557 3104 sui
580 3075 606 3104 a
626 3060 814 3118 Virgilio
848 3059 1143 3112 condemnati,

286 3119 466 3162 xxxviii.
490 3118 591 3175 760.

228 3177 429 3220 Oceani
418 3192 466 3220 111
487 3177 751 3221 Prometheo
778 3177 1000 3228 introitus,
1022 3176 1141 3221 xviii.

288 3249 389 3292 323,
411 3235 513 3292 326.

231 3294 443 3350 Odysseia
474 3293 702 3337 dubitatur
732 3308 789 3336 an
819 3293 950 3337 fuerit
974 3292 1143 3336 Home-

285 3352 390 3403 rica,
412 3353 471 3395 xi.
494 3351 591 3395 166.
637 3352 877 3403 Heroibus‚
898 3352 1144 3408 praesertim

285 3410 614 3466 navigantibus,
638 3411 857 3461 convenit,
885 3409 981 3467 169.
1032 3425 1140 3461 non,

286 3476 338 3511 ut
373 3468 544 3519 AEneis,
580 3484 715 3525 prope
755 3469 890 3511 finem
929 3468 1140 3525 frigescit,

292 3537 389 3583 170.
408 3526 630 3593 duplicem
642 3527 776 3570 habet
788 3526 1030 3577 materiem,
1043 3527 1141 3571 188.

289 3599 370 3628 cur
392 3585 477 3628 sub
513 3585 638 3628 initio
669 3585 763 3642 ejus
795 3599 932 3628 morae
961 3591 1141 3628 nectan-

287 3650 376 3694 tur,
393 3643 467 3686 xii.
485 3654 581 3701 197.
605 3658 701 3686 eam
714 3658 806 3686 non
818 3643 1142 3687 omninorebus

288 3700 470 3763 privatis
491 3701 720 3752 contineri,
745 3715 843 3744 202.
889 3701 945 3744 ad
966 3701 1141 3745 univer-

2039 248 2141 300 841

1296 390 1390 418 sam
1409 374 1627 418 Graeciam
1642 374 1871 431 pertinere,
1888 388 1987 430 204.
2011 375 2148 432 scrip-

1295 435 1403 478 sisse
1444 448 1541 477 eam
1579 432 1845 485 Homerum,
1879 434 2018 477 oculis
2053 434 2147 491 jam

1289 499 1488 548 captum,
1510 491 1597 535 xiv.
1623 505 1723 545 241,
1739 506 1838 546 242.
1871 492 2148 550 tranquillior

1293 550 1340 593 in
1361 565 1412 593 ea
1431 550 1617 607 pictura,
1642 564 1742 603 242.
1774 550 2031 607 religiosum
2052 551 2147 607 ejus

1291 609 1483 660 initium,
1520 624 1593 652 xv.
1635 608 1734 662 246.
1797 609 2001 652 tardioris
2053 610 2147 667 ejus

1293 668 1503 710 clausulae
1523 667 1649 718 ratio,
1674 667 1773 710 251.

1238 725 1468 782 OEdipodis
1498 740 1686 782 persona
1716 740 1808 769 non
1834 725 1930 782 capi
1961 725 2148 777 animos,

1291 783 1441 826 xxviii.
1463 783 1565 841 569.
1589 783 1644 827 ad
1669 783 1905 835 Colonum,
1927 783 2150 840 praecipua

1289 843 1403 893 laus,
1435 852 1536 899 570.
1587 842 1844 886 moribundi
1876 842 2021 893 statio,
2044 853 2147 899 571.

1290 900 1488 957 Tyranni
1517 900 1680 952 fabula,
1703 904 1762 960 τῷ
1786 902 1923 961 μιάρῳ
1954 901 2148 958 propior,

1236 969 1497 1074 (Εῗιῖιῗαῖιῃΐα,
1533 1017 1672 1073 praelii
1707 1019 1847 1070 locus,
1880 1025 2007 1062 aetate
2040 1017 2145 1060 Pin-

1292 1074 1401 1127 dari,
1424 1075 1542 1118 xxvi.
1566 1076 1668 1129 528.

1231 1134 1279 1177 τὸ
1303 1134 1470 1176 Οἷκεῖον
1490 1134 1708 1177 mirifice
1698 1150 1745 1177 ιιι
1766 1134 2023 1191 Virgilianis
2055 1135 2147 1191 pla-

1290 1207 1400 1243 cere,
1421 1208 1464 1236 v.
1488 1191 1559 1235 66.
1610 1193 1677 1236 vis
1709 1193 1804 1250 ejus
1836 1193 1955 1249 apud
1981 1193 2147 1236 Home-

1290 1265 1405 1301 rum,
1427 1267 1471 1293 Χ.
1498 1250 1595 1293 161.
1647 1252 1778 1295 οἰκεῖα
1799 1250 1984 1295 Achillis
2015 1259 2059 1296 et
2080 1252 2147 1295 U-

1289 1309 1436 1366 lyssiS,
1457 1308 1516 1353 xi.
1540 1320 1637 1367 173.

1234 1367 1449 1413 Οἷοπόλος
1469 1368 1643 1423 δαίμων,
1665 1367 1799 1410 xxvii.
1821 1378 1923 1425 557.

1237 1425 1453 1481 Oleayinae
1489 1440 1664 1469 coronae
1695 1426 1762 1470 vis
1796 1426 1916 1483 apud
1949 1426 2146 1479 Graecos,

1292 1499 1395 1527 xxv.
1420 1497 1519 1540 491.

1236 1542 1372 1586 Olivae
1396 1542 1592 1585 inventio
1623 1541 1741 1599 apud
1764 1541 2022 1595 Pindarum,
2043 1559 2147 1588 xxv.

1291 1616 1319 1654 4
1357 1615 1395 1653 1,
1416 1616 1444 1654 4
1476 1611 1518 1654 5·

1237 1615 1478 1716 Olygzpiariz
1511 1658 1710 1725 spectari,
1743 1659 1865 1702 velut
1901 1660 2147 1711 cumulum,

1291 1717 1347 1761 ab
1369 1717 1558 1768 athletis,
1581 1717 1699 1760 xxiv.
1723 1718 1823 1774 485.

1235 1775 1501 1833 Olympicum
1521 1776 1716 1833 primum
1734 1775 1925 1827 Pindari,
1943 1776 2051 1835 quid
2072 1793 2147 1821 ex-

1289 1834 1415 1877 ordio
1437 1834 1666 1901 significet,
1690 1834 1808 1878 xxiv.
1831 1845 1932 1901 477.

1235 1893 1454 1950 Olympus,
1475 1893 1553 1935 otii
1575 1893 1811 1959 specimen,
1834 1893 1908 1935 xii.
1928 1895 2026 1960 198.

1235 1951 1389 1998 Omina
1410 1950 1466 1996 ad
1488 1951 1649 1994 Poesin
1679 1951 1911 2007 pertinere,
1932 1952 1977 1995 ii.
2003 1966 2073 2010 23.
2121 1968 2147 1997 a

1288 2010 1434 2066 procis
1487 2009 1796 2053 Ithacensibus
1848 2011 2010 2067 sperni,
2052 2012 2143 2055 xiii.

1291 2079 1392 2125 215.
1425 2082 1529 2111 cum
1546 2068 1739 2111 fortuitis
1752 2067 1941 2119 misceri,
1955 2085 2027 2113 xv.
2045 2069 2144 2114 262.

1288 2141 1370 2169 cur
1399 2126 1592 2183 plurima
1623 2141 1649 2169 a
1677 2125 1874 2169 ridiculis
1908 2101 2143 2180 ducantur,

1288 2185 1378 2228 xix.
1402 2185 1504 2242 338.
1557 2184 1611 2227 de
1632 2184 1968 2242 Agamemnone
2000 2186 2144 2230 infau-

1291 2250 1371 2295 sta,
1395 2258 1469 2286 xx.
1492 2242 1593 2300 368.

1226 2300 1470 2403 Ὃμηριδαι8
1484 2301 1604 2358 apud
1638 2300 1897 2354 Pindarum,
1930 2302 2018 2346 xvi.
2044 2315 2144 2362 273.

1287 2375 1391 2403 xvu.
1416 2374 1439 2403 2

1232 2360 1539 2484 Operarioriim
1565 2426 1816 2462 commenta
1842 2418 2022 2463 adhibet
2046 2420 2143 2463 Ho-

1284 2491 1450 2527 merus,
1471 2476 1559 2520 xiv.
1579 2487 1679 2534 227.

1231 2535 1420 2592 Ophelioe
1442 2535 1579 2578 funus
1601 2549 1705 2578 cum
1726 2534 1923 2579 ridiculis
1953 2535 2144 2589 misceri,

1288 2593 1377 2636 xix.
1400 2594 1502 2650 338.

1233 2652 1443 2709 Opificum
1468 2650 1630 2695 indolis
1662 2651 1898 2708 specimen,
1922 2652 2143 2705 Phaeaces,

1289 2725 1407 2753 xn.1

1235 2724 1487 2826 opinions&
1497 2767 1550 2811 de
1581 2767 1840 2834 hominibus
1873 2782 1953 2811 cur
1983 2770 2145 2827 saepius

1288 2834 1532 2878 mutentur,
1554 2826 1673 2869 xxix.
1697 2828 1799 2883 583.

1227 2882 1510 2930 Ὀπλοποιΐας
1539 2885 1587 2928 ιιι
1616 2885 1752 2929 Iliade
1781 2884 1907 2936 ratio,
1929 2885 2018 2929 viii.
2046 2900 2143 2931 112.

1289 2943 1571 3001 componitur
1590 2958 1640 2987 ea
1667 2958 1770 2987 cum
1791 2942 1949 2987 AEneae
1977 2945 2144 3003 clypeo,

1231 3017 1513 3118 Opltiviiatium
1540 3066 1701 3116 partes,
1725 3060 1912 3127 ῌοιιιθιι
1930 3067 2143 3118 tempore,

1286 3119 1359 3164 xii.
1385 3130 1486 3176 205.
1535 3119 1697 3162 servari
1717 3119 1778 3162 eis
1808 3119 1927 3170 solis,
1951 3119 2143 3164 Pindaro

1279 3177 1445 3235 judice,
1478 3183 1759 3221 mortuorum
1792 3184 1972 3229 statum,
2005 3179 2140 3222 xxvii.

1231 3246 1421 3338 Ονῖἷιὶῗιία
1444 3293 1697 3344 Homerica,
1720 3293 1808 3337 xvi.
1831 3305 1931 3351 273.
1976 3295 2143 3338 oraculi

1285 3352 1333 3396 in
1375 3351 1652 3408 Οιιοὲριιοιιε
1704 3359 1863 3408 partes,
1906 3352 1996 3395 xxi.
2038 3364 2140 3411 397,

1286 3424 1388 3468 409.
1436 3410 1709 3454 Daemonum
1730 3425 1812 3467 ope
1831 3425 2044 3467 responsa
2064 3411 2141 3455 da-

1284 3484 1345 3520 re,
1367 3468 1514 3512 xxxiv.
1538 3468 1639 3526 694.

1231 3503 1384 3571 Oratio
1419 3528 1563 3570 soluta
1596 3526 1848 3578 Graiorum,
1885 3526 2141 3580 Homerica,

1229 3595 1668 3710 Orzxtriirizmiigquinam
1689 3658 1792 3686 cum
1815 3643 1961 3686 Poetis
1991 3658 2142 3688 cense-

1287 3710 1432 3753 antur,
1453 3701 1513 3744 iii.
1536 3711 1608 3758 37.
