2288 4036
249 191 357 249 766
674 192 756 243 De
787 190 1127 260 Proprioram
1156 189 1442 240 Nominum
1468 189 1522 240 ‘oi
1541 210 1555 239 .·
1635 207 1794 241 PRAEL.
1817 207 2045 240 xxxvnr.

495 335 655 384 Qualis
678 333 800 392 apud
825 332 996 376 Cumas
1017 332 1146 375 locus
1168 338 1236 376 est
1256 337 1550 390 montemque
1572 331 1817 383 Vesevum,

493 408 680 467 Oppleti
702 406 857 451 calidis
881 406 960 450 ubi
981 406 1161 450 fumant
1181 405 1387 449 fontibus
1409 411 1584 449 auctus.

252 514 580 593 Virgilium
621 522 830 571 contra
870 513 1104 578 mirere,
1137 530 1314 587 quam
1359 510 1560 567 subito
1603 509 1847 567 festinet
1891 527 2047 566 sem-

251 634 359 690 per
421 614 494 671 ad
560 613 806 670 nomina
867 610 1153 678 locorum,
1202 608 1371 667 velut
1426 610 1555 686 ipso
1608 608 2044 686 Georgicorum

251 715 427 771 initio
452 721 513 770 P:

497 821 633 865 Liber
654 828 698 865 et
720 821 838 864 alma
861 819 1013 872 Ceres,
1036 826 1186 864 vestro
1209 820 1246 864 si
1267 835 1456 864 munere
1475 820 1610 864 tellus

500 895 741 939 Chaoniam
762 894 924 953 pingui
944 893 1159 952 glandem
1179 894 1372 939 mutavit
1384 894 1535 947 arista,

496 968 757 1028 Poculaque
778 968 974 1012 inventis
996 968 1210 1012 Acheloia
1230 968 1414 1012 miscuit
1434 968 1551 1013 uvis.

254 1059 495 1118 Deinde
526 1067 662 1136 post
693 1058 915 1135 pauIIO,

498 1168 660 1212 Cultor
682 1183 937 1219 nemorum,
961 1167 1035 1212 cui
1051 1167 1240 1225 pinguia
1265 1166 1374 1211 (1oeae

495 1242 773 1286 Tercentum
794 1241 915 1286 nivei
935 1240 1129 1285 tondent
1151 1240 1337 1286 dumeta
1351 1241 1551 1300 juvenci.

259 1340 341 1398 Et

502 1436 606 1495 Ipse
628 1451 792 1481 nemus
814 1436 1026 1495 linquens
1049 1436 1264 1494 patrium,
1289 1437 1522 1495 saltusque
1537 1436 1692 1494 Lycaei

501 1511 598 1555 Pan
619 1512 774 1556 ovium
797 1518 968 1562 custos,
990 1518 1070 1555 tua
1087 1510 1126 1555 si
1146 1510 1229 1555 tibi
1249 1510 1448 1554 Moenala
1470 1525 1606 1563 curae,

500 1585 640 1630 Adsis
665 1584 707 1629 O
736 1585 908 1642 Teyeaee
928 1584 1101 1629 favens.

263 1684 463 1741 Etiam
524 1702 663 1741 cum
717 1683 789 1740 ad
854 1701 926 1739 ea
977 1687 1230 1740 ventum
1290 1689 1398 1750 est,
1447 1702 1579 1758 quae
1624 1683 1932 1759 pertinent
1983 1682 2059 1739 ad

257 1802 473 1861 greges
508 1791 570 1840 et
600 1801 842 1859 pascua,
876 1781 1151 1838 videmus
1182 1782 1438 1838 eandem
1471 1781 1690 1839 servari
1722 1781 1923 1858 legem
1941 1789 1986 1837 q.

502 1893 568 1937 Te
590 1907 788 1953 quoque,
810 1907 980 1950 magna
1001 1891 1147 1944 Pales,
1170 1898 1214 1935 et
1235 1898 1294 1943 te,
1317 1891 1624 1945 memorande,
1649 1907 1880 1945 canemus,

503 1967 665 2012 Pastor
687 1967 743 2011 ab
769 1966 1014 2024 Amphryso
1030 1987 1042 2009 :
1076 1980 1174 2019 vos,
1198 1966 1337 2025 sylvae
1359 1981 1607 2026 amnesque
1627 1966 1797 2024 Lycaei.

347 2065 548 2122 Immo
593 2066 779 2122 etiam
821 2063 1068 2121 solenne
1113 2065 1173 2121 id
1218 2063 1479 2141 Virgilio
1523 2065 1802 2141 primum,
1842 2064 2060 2122 deinde

261 2164 542 2222 omnibus
574 2164 780 2231 ferme,
813 2163 915 2239 qui
957 2170 1094 2239 post
1125 2182 1265 2220 eum
1298 2163 1721 2221 laboraverunt
1753 2165 1815 2222 in
1847 2164 2058 2221 eadem

264 2263 523 2322 Poeseos
557 2264 881 2341 provincia,
914 2270 984 2319 ut
1028 2262 1162 2320 loco
1194 2264 1627 2333 communium,
1660 2284 1791 2340 quae
1824 2272 2060 2331 vocant,

261 2365 596 2432 nominum,
651 2362 903 2440 propriis
954 2361 1312 2439 plerumque
1372 2371 1434 2420 et
1493 2365 1740 2440 privatis
1794 2370 2060 2421 utantur.

264 2462 547 2540 Exempli
581 2462 811 2540 gratia:
859 2462 963 2518 ubi
1006 2470 1324 2520 narrantur
1363 2463 1730 2540 capellarum
1772 2483 1968 2521 mores
1999 2470 2062 2520 et

262 2563 584 2640 ingenia‘:

509 2687 768 2732 Pascuntur
789 2702 896 2731 vero
919 2687 1068 2746 sylvas
1091 2694 1135 2731 et
1158 2702 1338 2731 summa
1352 2686 1521 2744 Lycoei,

511 2762 854 2822 Horrentesque
875 2762 1030 2815 rubos,
1054 2769 1098 2806 et
1115 2768 1317 2806 amantes
1339 2761 1482 2805 ardua
1503 2759 1682 2805 dumos.

269 2866 393 2925 Vel
434 2868 534 2925 ubi
588 2868 766 2925 docet
819 2867 1085 2925 notanda
1137 2887 1265 2926 esse
1319 2867 1547 2932 sedum,
1599 2867 1645 2924 si
1692 2867 1835 2943 quid
1884 2867 2065 2935 aliud,

269 2965 537 3024 locorum
564 2975 582 3002 ⁵
617 2967 998 3025 discrimina:

515 3090 668 3138 Quare
690 3091 808 3149 agite
832 3090 874 3135 Ο
898 3091 1105 3149 proprios
1128 3091 1377 3150 generatim
1401 3091 1557 3136 discite
1579 3092 1744 3144 cultus,

514 3164 755 3222 Agricolae,
779 3165 1046 3224 fructusque
1067 3165 1187 3210 feros
1210 3166 1379 3210 mollite
1401 3165 1617 3218 colendo;

517 3237 622 3282 Neu
645 3254 807 3297 segnes
824 3240 1003 3298 jaceant
1024 3247 1155 3284 terrae
1172 3259 1186 3293 ;
1215 3240 1346 3298 juvat
1368 3240 1542 3284 Ismara
1566 3240 1748 3285 Baccho

518 3311 784 3366 Conserere,
808 3320 942 3373 atque
964 3315 1063 3358 oleo
1083 3329 1306 3373 magnum
1329 3315 1491 3359 vestire
1517 3315 1778 3358 Taburnum.

364 3415 480 3474 His
541 3425 743 3475 tamen
814 3420 1082 3476 versibus
1142 3420 1315 3488 inest,
1377 3421 1588 3490 fateor,
1649 3422 1822 3491 ratiO,
1883 3441 2072 3498 eaque

336 3593 360 3623 1³
383 3585 541 3642 Geory.
570 3600 608 3630 1.
636 3598 676 3644 7.
802 3595 823 3626 q
847 3588 962 3631 Ibid.
987 3604 1029 3646 3.
1059 3603 1096 3632 1.
1222 3597 1240 3619 r
1262 3589 1375 3633 Ibid.
1401 3604 1443 3648 3.
1467 3605 1571 3647 314.
1698 3598 1715 3621 ³
1738 3591 1850 3635 Ibid.
1878 3605 1917 3635 2.
1942 3604 2015 3649 35.
