2288 4036
204 196 361 230 PRAEL.
382 195 512 228 xxu.
737 174 819 226 De
846 173 1062 244 Proloyo
1087 171 1445 226 Ewmmzidum.
1847 169 1952 223 417

203 341 384 388 mum,
419 338 595 396 quam
635 317 938 394 scrupuliS,
974 318 1124 392 siqui
1168 316 1500 383 inciderint,
1544 315 1807 372 nondum
1852 333 1954 371 ex-

204 418 419 493 emptis
449 417 521 474 de
552 415 828 490 aequitate
860 412 1091 470 Summi
1119 411 1419 470 Numinis.

287 512 631 589 AEschylum
685 515 887 567 autem
931 510 1110 567 fuisse
1160 508 1504 584 participem
1553 506 1740 563 sancti
1782 506 1952 563 istius

207 615 271 666 et
301 608 530 665 honesti
561 605 793 674 doloriS,
823 605 918 662 vel
948 621 1018 662 eo
1048 603 1328 662 credibile
1363 603 1446 670 fit,
1478 602 1636 677 quod
1670 603 1719 658 is
1754 601 1816 657 in
1848 620 1952 658 ex-

205 713 460 762 tremum
505 703 678 779 plane
713 703 1041 770 discrimen,
1073 702 1272 759 dedita
1301 721 1495 777 opera,
1524 719 1651 757 rem
1685 698 1952 756 adduxit.

209 801 447 877 Nempe
477 818 661 875 usque
691 798 760 856 ad
799 818 941 866 araS,
973 799 1129 874 quod
1164 799 1346 866 aiunt,
1377 798 1750 874 prosequitur
1779 794 1956 853 Ores-

203 906 328 956 tem
357 899 574 955 vindex
607 896 915 953 Furiarum
946 903 1198 953 caterva.
1267 895 1379 953 Ille
1408 902 1571 953 totus
1601 902 1691 952 est
1720 895 1781 951 in
1811 893 1957 951 effu-

204 996 436 1072 giendo,
467 1002 529 1052 et
562 998 689 1070 Jam
722 994 967 1069 jamque
1010 993 1279 1061 elabitur,
1309 993 1474 1069 quasi
1505 992 1772 1068 quaedam
1812 992 1954 1061 fera,

205 1092 550 1149 tenuissimo
592 1089 902 1147 intervallo
945 1091 1248 1165 temporis,
1279 1090 1354 1147 de
1383 1090 1727 1148 venantium
1769 1089 1956 1145 mani-

204 1187 331 1244 bus·
421 1187 638 1262 Neque
680 1185 853 1243 facile
897 1186 1226 1261 putaverim
1261 1185 1379 1262 legi
1414 1204 1583 1261 posse
1613 1182 1859 1263 πάροδον
1887 1183 1958 1240 il-

205 1284 323 1341 lam
353 1284 625 1340 horrendi
648 1282 845 1349 Chori,
870 1283 995 1339 sine
1024 1282 1236 1339 anhela
1259 1284 1512 1356 quadam
1543 1281 1954 1348 sollicitudine,

203 1380 390 1455 qualis
448 1399 733 1455 occupare
792 1379 944 1436 solet
1001 1379 1227 1436 animos
1283 1379 1617 1454 oculosque,
1669 1378 1779 1436 sub
1828 1379 1956 1453 ipso

203 1483 445 1553 aspectu
474 1478 953 1553 persequentium
993 1483 1056 1533 et
1089 1475 1472 1534 elabentium.
1564 1476 1636 1533 Id
1665 1475 1823 1551 quod
1854 1495 1956 1551 op-

203 1575 349 1632 time
394 1576 682 1651 expressit
721 1574 925 1642 Poeta,
957 1573 1051 1630 vel
1094 1575 1221 1650 ipso
1266 1593 1453 1632 scenae
1496 1580 1798 1650 apparatu,
1839 1593 1956 1648 quo

200 1679 467 1749 tempore
509 1674 765 1748 primum
810 1671 1102 1729 tolluntur
1143 1670 1350 1739 aulaea,
1383 1672 1519 1729 visis
1562 1671 1756 1746 palam
1796 1670 1956 1728 intus

200 1770 262 1825 in
291 1771 468 1846 adyto
489 1790 621 1846 quae
645 1770 836 1827 verbis
865 1770 1026 1845 prius
1054 1769 1506 1826 adumbraverat
1529 1763 1956 1847 προλογίζουσα

200 1863 467 1943 Pythiab,

789 1944 854 1990 ἐπ’
876 1944 1063 2006 ὀμφάλῳ
1082 1946 1160 2002 μὲν
1181 1944 1315 2004 ἄνδρα
1335 1945 1525 2003 θεομυσῆ

555 2019 682 2078 ἕδραν
703 2020 872 2077 ἔχοντα,
892 2020 1233 2077 προστρόπαιον,
1255 2018 1401 2076 αἵματι

555 2091 766 2147 στάζοντα
785 2093 947 2150 χεῖρας,
972 2091 1040 2134 καὶ
1060 2091 1298 2137 νεοσπαδὲς
1318 2091 1450 2149 ξίφος

554 2160 710 2219 ἔχοντ’,
733 2161 881 2206 ἐλαίας
901 2160 938 2205 θ’
960 2160 1246 2219 ὑψιγέννητον
1265 2161 1438 2206 κλάδον.
1457 2196 1467 2207 .
1488 2197 1497 2207 .
1515 2197 1526 2207 .

553 2234 749 2293 πρόσθεν
769 2234 816 2278 δὲ
837 2234 1016 2292 τάνδρὸς
1034 2236 1160 2278 τοῦδε
1181 2235 1428 2292 θαυμαστὸς
1447 2237 1583 2294 λόχος

554 2304 667 2349 εὕδει
687 2310 895 2364 γυναικῶν
916 2306 961 2350 ἐν
978 2306 1200 2364 θρόνοισιν
1219 2307 1385 2364 ἥμενος.

286 2409 492 2486 Atque
521 2409 633 2467 hoc
663 2411 725 2466 in
753 2409 883 2467 loco
913 2410 1110 2467 videte
1142 2412 1437 2486 judicium
1467 2408 1754 2487 AEschyli.
1845 2410 1956 2466 Ni-

202 2507 418 2564 mirum
461 2507 563 2564 ubi
610 2507 981 2582 proditurum
1024 2514 1151 2564 erat
1193 2508 1255 2563 in
1299 2506 1499 2564 oculos
1549 2506 1954 2582 spectaculum

202 2611 419 2680 praeter
456 2602 696 2661 solitum
740 2604 999 2660 immane
1042 2610 1105 2660 et
1148 2611 1335 2672 atrox,
1365 2605 1723 2679 praemonuit
1764 2604 1955 2660 homi-

203 2718 308 2756 nes
336 2698 478 2774 quid
509 2706 822 2773 expectare
853 2699 1157 2767 deberent,
1186 2718 1262 2757 ne
1292 2700 1443 2757 visas
1472 2706 1717 2775 repente
1748 2699 1953 2758 Furias

203 2794 489 2852 increduli
539 2795 816 2852 odissent.
915 2795 1150 2853 Deinde
1206 2796 1354 2853 illud
1406 2817 1526 2854 non
1582 2797 1953 2874 ingeniosum

204 2894 398 2959 mod0‚
432 2910 634 2949 verum
662 2891 845 2948 etiam
886 2893 1227 2969 gravissimo
1257 2893 1474 2953 affectu
1502 2893 1763 2969 plenum,
1792 2894 1953 2969 quod

204 2989 394 3047 multo
423 3006 613 3056 mane,
630 3007 750 3063 quo
773 2994 1042 3064 tempore
1062 2989 1402 3048 solennibus
1431 2992 1662 3048 intenta
1685 2991 1953 3049 sacerdos

200 3085 276 3143 ad
295 3104 399 3143 sua
420 3103 602 3160 pensa
616 3085 958 3153 accedebat,
977 3085 1124 3142 nihil
1148 3087 1387 3145 omnino
1406 3087 1528 3145 tale
1551 3088 1817 3165 cogitans
1826 3095 1953 3157 ⁰,—

789 3205 827 3248 εἶ
845 3205 945 3263 παρ’
965 3205 1187 3263 Ἑλλήνων
1205 3208 1329 3261 τινὲς,

554 3276 655 3321 ἴτων
673 3276 797 3337 πάλῳ
816 3277 1037 3336 λάχον-τες,
1059 3280 1116 3325 ὣς
1135 3279 1360 3337 νομίζεται·

554 3350 810 3405 μαντευόμαι
831 3350 928 3407 γὰρ,
951 3351 1006 3395 ὡς
1023 3349 1075 3396 ἂν
1095 3351 1243 3410 ἡγῆται
1267 3352 1436 3398 Oeo'ffi-

400 3483 404 3485 *
435 3511 459 3541 ἶ)
490 3513 616 3556 Eam.
641 3526 711 3567 40.
1356 3514 1369 3525 ⁴
1455 3522 1473 3541 ‘²
1505 3514 1615 3557 [bid.
1639 3528 1710 3570 31.
