2288 4036
256 289 412 324 PRAEL.
435 286 621 322 xxxix
670 270 864 322 Mundi
887 270 1104 339 oriyines
1129 270 1185 321 in
1207 269 1438 321 Pollione
1464 270 1658 338 respici.
1903 271 2009 324 787

258 433 388 470 rum
434 415 732 480 memoria,
763 430 898 470 cum
930 430 1104 470 nemo
1136 413 1399 468 omnium
1436 417 1632 467 exstet
1668 409 2006 477 Poetarum,

259 510 358 583 qui
409 529 573 585 spem
635 509 847 566 bonam
902 514 1244 582 certamque
1295 508 1368 563 de
1420 506 1619 562 futura
1671 505 2009 581 diligentius

259 606 472 673 foveat,
518 625 619 663 seu
663 624 769 680 per
796 605 1088 671 vaticinia,
1134 605 1255 661 sive
1300 623 1404 678 per
1449 602 1562 659 alia
1605 603 1822 676 quaevis
1866 603 2011 658 divi-⁶

259 703 436 759 nandi
478 702 734 778 genera?
812 701 972 770 Quid
1018 700 1419 757 laudatissimo
1464 699 1565 756 illo
1612 698 1880 755 Pollione
1924 699 2007 754 fa-

259 800 415 857 cias?
461 801 598 875 quid
640 805 732 856 tot
774 799 1055 866 Deorum,
1091 805 1183 854 tot
1227 811 1515 874 augurum
1563 798 1871 872 promissiS,
1914 797 2010 853 hic

259 897 379 954 illic
431 897 638 972 sparsis
695 902 824 953 tota
869 894 1137 962 AEneide‚
1184 896 1257 951 de
1303 895 1530 952 Caesare
1577 895 1896 970 praesertim
1948 900 2010 951 et

258 995 402 1051 urbe
433 990 740 1051 Romana?
784 1000 853 1049 ut
880 986 1263 1050 celeberrima
1301 992 1402 1048 illa
1439 993 1766 1058 mittamus,
1798 990 2011 1066 quibus

258 1097 460 1147 tamen
489 1089 743 1148 universi
781 1088 1054 1147 carminis
1094 1102 1325 1145 summa
1364 1089 1624 1146 maxime
1654 1088 2009 1154 continetur,-

259 1187 474 1262 partim
525 1187 681 1262 apud
738 1186 964 1244 Inferos
1017 1198 1212 1243 coram
1263 1192 1606 1252 monstrata,
1658 1186 1872 1261 partim
1923 1184 2012 1240 in-

260 1283 492 1359 sculpta
520 1283 726 1359 clypeo
748 1284 1007 1340 AEneae.”
1094 1283 1288 1340 Immo
1312 1302 1450 1339 vero
1480 1283 1592 1339 hoc
1622 1300 1796 1339 omne
1825 1295 2011 1357 genus

259 1381 345 1437 ita
387 1380 665 1437 tractavit
707 1380 1012 1456 ingenium
1052 1379 1199 1436 illud
1246 1379 1481 1447 subtile,
1517 1387 1586 1435 ut
1621 1378 1785 1434 nulla
1826 1378 2013 1453 magis

260 1485 425 1552 parte
448 1477 509 1532 in
535 1475 734 1532 oculos
756 1477 1081 1533 incurreret
1104 1477 1201 1552 pia
1219 1476 1502 1551 temporis
1527 1475 1643 1532 acti
1668 1474 2013 1531 recordatio,

346 1579 660 1654 PrincipiO,
692 1580 849 1653 quod
893 1580 966 1636 ad
1013 1575 1343 1635 Pollionem
1388 1579 1622 1644 attinet,
1664 1577 1812 1634 nihil
1856 1576 2014 1635 aliud

263 1677 386 1753 agit
417 1676 619 1743 Poeta,
650 1677 762 1733 nisi
793 1682 860 1732 u't
890 1676 1264 1733 vaticinantis
1299 1677 1493 1751 specie
1528 1682 1769 1732 revocet
1813 1691 2016 1732 aureas¹

261 1771 390 1829 illas
440 1773 647 1829 mundi
696 1773 966 1849 origines,
1020 1780 1081 1828 et
1133 1772 1467 1830 felicissima
1516 1773 1775 1829 ineuntis
1827 1774 2017 1829 aetatis

263 1869 504 1926 somnia.
592 1868 763 1926 Nihil
812 1870 896 1926 ibi
949 1870 1103 1936 novi,
1151 1867 1299 1925 nihil
1350 1869 1598 1926 inauditi
1651 1870 2015 1945 proponitur,

263 1968 418 2042 quod
449 1967 862 2042 expectatione
902 1967 1089 2043 erigat
1132 1973 1364 2023 mentes
1406 1967 1748 2022 hominum:
1795 1985 2019 2023 memo-v

262 2071 391 2120 rato
421 2066 598 2121 modo
630 2065 997 2121 nascentium
1043 2063 1388 2120 saeculorum
1420 2063 1639 2130 ordine,
1672 2050 2018 2139 properatur

264 2160 422 2218 illico
451 2162 526 2218 ad
556 2180 735 2238 regna
766 2160 1060 2228 Saturnia,
1093 2167 1271 2235 atque
1302 2161 1375 2217 ad
1408 2161 1748 2218 decantatas
1787 2161 2018 2236 pristini

263 2257 416 2315 orbis
447 2258 748 2315 deliciaS.
701 2254 731 2292 k

500 2373 630 2423 Molli
650 2372 878 2436 paullatim
899 2378 1104 2423 flavescet
1126 2395 1309 2437 campus
1332 2378 1479 2431 arista,

499 2452 774 2519 Incultisque
793 2451 959 2495 rubens
979 2451 1189 2508 pendebit
1211 2451 1410 2495 sentibus
1431 2466 1533 2503 uva,-

498 2524 558 2566 Et
579 2522 702 2566 durae
724 2537 913 2580 quercus
936 2522 1163 2566 sudabunt
1183 2522 1358 2566 roscida
1380 2524 1526 2567 mella.

265 2625 741 2682 Animadvertite
799 2644 988 2700 porr0,
1050 2644 1226 2699 quam
1285 2624 1507 2692 seduIO,
1567 2626 1871 2700 occasione
1929 2645 2017 2682 ar-

265 2729 447 2796 repta,
470 2723 831 2779 mentionem
862 2721 1108 2777 heroum
1140 2721 1381 2795 injiciat,
1401 2722 1542 2778 orbe
1566 2722 1843 2779 videlicet
1872 2741 2018 2778 non-

264 2819 407 2875 dum
438 2819 673 2894 penitus
697 2824 905 2894 pacato
925 2814 955 2874 ¹.

498 2932 623 2976 Alter
643 2932 725 2975 erit
744 2916 843 2975 tum
862 2930 1048 2989 Tiphys,-
1071 2935 1113 2974 et
1134 2933 1268 2975 altera
1289 2937 1388 2989 qu'ae
1409 2931 1540 2976 vehat
1561 2932 1685 2990 Argo

501 3002 706 3045 Delectos
727 3001 884 3044 heroas
901 3017 910 3044 ε
943 3008 1073 3044 erunt
1095 3001 1226 3044 etiam
1247 3003 1381 3045 altera
1400 3002 1529 3055 bella,

498 3071 646 3130 Atque
666 3073 826 3116 iterum
848 3071 904 3117 ad
925 3072 1105 3130 Trojam
1126 3088 1316 3130 magnus
1338 3074 1537 3118 mittetur
1558 3075 1768 3120 Achilles.

269 3176 467 3232 Etiam
513 3175 688 3250 pleno
726 3176 852 3250 jam
904 3182 1188 3250 tempore,
1240 3194 1359 3231 non
1411 3177 1535 3232 sine
1586 3177 1820 3235 vatibus
1868 3177 2019 3235 anti-

267 3272 395 3347 quis
426 3271 602 3346 digne
641 3289 766 3326 rem
807 3271 937 3327 cani
979 3289 1149 3345 posse
1185 3271 1506 3347 significat:
1562 3272 1779 3330 Linum
1810 3276 2016 3350 utique

266 3375 445 3442 atque
475 3366 715 3442 Orphea
759 3366 968 3424 lubens
1012 3368 1294 3435 nominat,
1326 3368 1562 3425 honoris
1598 3389 1789 3439 causa,
1821 3371 2019 3447 fingit-

267 3483 383 3538 que
413 3482 513 3520 eos
543 3483 578 3520 a
606 3482 668 3520 se
697 3464 758 3519 in
787 3471 1087 3521 certamen
1116 3467 1417 3539 provocari
1451 3465 1720 3524 Poeseos.

519 3621 657 3666 '‘Ee-z.
681 3638 722 3676 4.
749 3623 818 3666 28.
1215 3592 1217 3594 ’
1400 3594 1402 3596 ξ
1541 3624 1685 3668 laid.
1709 3639 1781 3682 34.

1057 3702 1092 3754 3
1127 3715 1161 3753 E
1192 3703 1228 3754 2
