2288 4036
160 305 312 337 PRAEL.
329 303 490 335 XXXV.
569 282 858 352 proesertim
885 279 970 332 ubi
996 281 1115 331 vitoe
1139 288 1315 331 sortem
1340 279 1582 348 deplorat.
1805 278 1910 335 699

161 450 284 488 sese
332 429 661 485 exercuisse
707 428 767 482 111
812 445 881 482 ea
925 427 1186 481 materia.
1276 425 1534 498 Campus
1580 424 1675 480 hic
1725 424 1910 479 ferme

162 525 445 581 nobilium
490 531 579 578 est
621 522 956 586 Poetarum,
996 529 1062 576 ut
1107 521 1322 576 naenias
1367 525 1579 574 canant
1624 537 1690 574 ac
1722 519 1913 591 queri-

159 620 383 675 monias
414 619 487 674 de
514 619 646 674 vitae
676 617 818 674 flore
849 616 1037 692 fragili
1071 635 1138 672 ac
1169 615 1409 671 caduco.
1479 612 1679 669 Habet
1710 621 1910 669 autem

163 714 472 769 Lucretius
516 720 716 768 noster
753 712 917 778 illud,
950 712 1009 767 ni
1047 710 1232 775 fallor,
1279 710 1580 784 proprium
1624 727 1692 764 ac
1735 708 1912 763 modo

161 830 276 866 non
312 809 619 886 singulare,
653 809 809 883 quod
851 828 967 864 11011
1006 815 1129 863 tam
1171 807 1379 863 breves
1416 813 1476 862 et
1512 811 1792 881 angustos
1826 805 1915 860 in-

159 916 323 964 cuset
354 907 464 964 aevi
496 908 553 962 in
587 907 756 963 terris
797 905 1008 982 agendi
1054 904 1290 970 limites,
1324 923 1501 977 quam
1545 903 1736 978 ipsum
1778 903 1914 979 yitae

157 1004 329 1078 hujus
374 1011 612 1070 statum,
646 1002 736 1059 vel
780 1003 1003 1077 optime
1044 1009 1222 1058 actae:
1270 1001 1576 1077 significet,
1616 1018 1739 1056 rem
1782 1018 1913 1056 eam

157 1099 473 1173 unicuique
505 1098 810 1154 hominum
852 1105 913 1154 et
953 1097 1148 1164 fuisse,
1181 1105 1242 1153 et
1273 1097 1395 1153 fore
1427 1115 1671 1170 semper,
1704 1094 1917 1152 moles-

158 1196 384 1251 tissimo
433 1195 694 1250 omnium
743 1195 921 1250 oneri.
1016 1193 1448 1260 Recmdamini,
1497 1194 1658 1249 verbi
1709 1193 1914 1269 gratia,

154 1311 333 1371 quam
402 1291 622 1347 fuerint
686 1290 896 1347 horum
961 1289 1272 1346 dissimiles
1331 1291 1404 1348 de
1463 1298 1653 1346 morte
1713 1288 1916 1346 Bionis

159 1387 347 1464 Elegi‚
378 1387 699 1444 dulcissimi
732 1386 973 1461 quidem
1004 1394 1165 1442 certe
1185 1383 1228 1442 b.

390 1504 439 1550 αἶ
454 1503 511 1557 αἶ,
534 1507 602 1550 ταὶ
623 1506 816 1563 μαλαχαὶ
837 1506 915 1562 μὲν
936 1506 1042 1550 ἕπαν
1062 1502 1168 1549 κὰτὰ
1190 1507 1325 1550 κᾶπον
1346 1505 1545 1556 ὄλωνται,

391 1576 415 1633 ἢ
438 1578 490 1620 τὰ
510 1579 663 1634 χλῶρα
685 1576 853 1629 σέλινα,
877 1577 944 1620 καὶ
966 1577 1157 1629 εὐθαλὲς,
1181 1579 1311 1620 οὕλον
1330 1577 1501 1633 ἄνηθον,

394 1647 579 1706 ὕστερον
599 1648 653 1693 αὖ
675 1651 836 1703 ζώοντι,
859 1649 927 1692 καὶ
949 1649 1008 1694 εἷς
1029 1650 1125 1694 ἔτος
1145 1649 1256 1692 ἀλλὸ
1279 1648 1447 1706 φύοντι·

390 1720 525 1777 ἄμμες
546 1720 598 1772 δ’,
622 1722 661 1763 οἱ
681 1722 864 1779 μεγάλοι
886 1722 953 1764 καὶ
975 1721 1174 1778 καρτεροὶ
1195 1719 1219 1776 ἢ
1243 1722 1382 1778 σοφοὶ
1403 1721 1568 1778 ἄνδρες,

396 1792 558 1836 ὅπποτε
578 1795 720 1850 πρᾶτα
742 1794 945 1850 θάνωμες,
968 1793 1139 1837 ἆνάκοοι
1161 1793 1205 1837 ἐν
1225 1793 1350 1850 χθονὶ
1372 1794 1497 1850 κοίλᾳ

395 1866 569 1922 εὔδομες
590 1864 636 1910 εὖ
655 1867 773 1922 μάλα
793 1867 956 1922 μακρὸν
976 1865 1190 1922 ἀτερμόνα
1210 1864 1414 1924 νήγρετον
1433 1864 1579 1910 ὕπνον.

159 1974 442 2042 Queritur
484 1974 833 2049 praeteriisse
874 1980 1112 2030 aetatem
1151 1981 1274 2031 tam
1316 1976 1470 2042 cito;
1515 1975 1738 2032 nullam
1775 1976 1918 2044 fore,

158 2070 340 2128 semel
380 2070 642 2146 sepultis,
683 2071 743 2126 in
784 2070 979 2143 lucem
1019 2071 1302 2127 redeundi
1350 2071 1669 2129 licentiam.
1758 2072 1918 2129 Illud

158 2168 331 2244 longe
389 2167 695 2225 molestius
746 2174 925 2236 tacet,
974 2186 1049 2223 116
1109 2168 1264 2223 inter
1316 2169 1630 2225 fruendum
1677 2169 1918 2244 quidem

159 2265 297 2322 satis
329 2271 597 2321 constare
633 2265 965 2321 viventibus
995 2265 1136 2322 vitae
1168 2283 1285 2321 suae
1315 2265 1593 2322 fructum.

243 2360 425 2417 Porro
456 2362 540 2417 ita
569 2361 837 2437 fungitur
867 2360 1058 2417 officio
1104 2361 1378 2437 lugentiS‚
1402 2368 1471 2418 ut
1498 2362 1686 2419 otiose
1716 2368 1920 2418 tamen

163 2465 223 2515 et
268 2457 583 2531 tranquille
636 2458 872 2532 spatiari
927 2457 1197 2514 videatur
1246 2458 1306 2513 in
1359 2477 1591 2514 amoeno
1636 2477 1704 2515 ac
1750 2458 1919 2514 viridi
1962 2512 1966 2515 .

160 2554 290 2611 loco
318 2573 329 2610 :
383 2572 518 2609 cum
572 2553 728 2628 apud
779 2551 1122 2609 Lucretium
1176 2570 1266 2608 res
1319 2560 1587 2608 narretur
1636 2553 1919 2609 inornatis

160 2658 339 2724 atque
383 2650 628 2724 propriis
672 2649 879 2715 verbiS‚
913 2650 1032 2704 ritu
1076 2666 1299 2714 eorum,
1332 2648 1449 2722 qui,
1483 2649 1622 2722 quid
1668 2649 1777 2705 sibi
1825 2668 1920 2705 ve-

161 2746 289 2812 lint,
320 2745 496 2820 1116110
530 2746 728 2810 corde,
760 2750 1079 2820 pervagato
1112 2761 1399 2810 sermone,
1433 2743 1702 2800 efferunt.

249 2840 451 2916 Pergit
482 2841 779 2907 videlicet,
813 2841 1022 2897 eodem
1053 2859 1170 2914 quo
1200 2841 1360 2914 prius
1403 2847 1624 2897 tenore.
1714 2839 1919 2915 Atque

163 2939 644 2995 animadvertatis
675 2938 871 3004 velim,
904 2938 1266 3004 Academici,
1301 2939 1506 3012 quanti
1544 2939 1618 2995 sit
1648 2938 1921 2996 habenda

163 3033 265 3090 illa
298 3036 608 3092 verborum
639 3034 802 3109 quasi
831 3036 1061 3099 λιτοτής·
1079 3041 1118 3090 ⁰.

399 3155 503 3197 Exit
526 3170 643 3211 saepe
665 3156 782 3198 foras
803 3148 979 3211 magnis
1002 3169 1054 3196 ex
1076 3153 1248 3197 aedibus
1270 3154 1357 3205 1116,

402 3226 512 3269 Esse
535 3226 655 3270 domi
677 3241 810 3283 quem
831 3233 1070 3282 pertaesum
1092 3226 1165 3277 'st‚
1189 3225 1424 3284 subitoque
1445 3226 1647 3277 revertit3

402 3297 579 3354 Quippe
600 3299 707 3341 foris
729 3297 867 3341 nihilo
889 3298 1047 3341 melius
1069 3297 1146 3355 qui
1167 3298 1325 3340 sentiat
1346 3312 1456 3341 esse.

404 3368 553 3412 Currit
575 3384 710 3426 agens
732 3384 921 3412 mannos
943 3369 999 3412 ad
1020 3369 1167 3413 villam
1188 3369 1261 3412 hic
1282 3370 1621 3426 praecipitanter,

401 3438 629 3482 Auxilium
650 3441 777 3483 tectis
800 3440 926 3497 quasi
946 3440 1057 3483 ferre
1079 3440 1334 3484 ardentibus
1360 3441 1531 3484 instans
1553 3457 1562 3482 ε

287 3615 308 3645 b
340 3616 514 3660 Mosch.
538 3617 666 3673 Idyll.
694 3631 734 3674 3.
764 3615 860 3659 106.
1338 3624 1357 3646 e
1391 3617 1522 3661 Lucr.
1546 3632 1588 3674 3.
1617 3630 1742 3675 1072.
