2288 4036
193 974 808 1098 PRAELECTIO
867 1027 1438 1097 TRIGESIMA
1492 1026 1960 1096 SEPTIMA.

152 1492 351 1551 Auquria
374 1493 573 1551 qucedam
595 1491 649 1536 de
669 1493 839 1550 ori-yiue
860 1492 1087 1537 AEueidos
1099 1512 1119 1542 ;
1153 1494 1369 1552 scriptam
1387 1494 1542 1551 fuisse
1563 1508 1657 1538 eam
1682 1494 1807 1552 yrati
1829 1495 1968 1538 animi

210 1582 329 1625 erqo,
352 1572 529 1612 servato
550 1566 743 1625 proedio.
805 1567 1040 1625 Viryilium
1063 1583 1158 1612 cum
1181 1569 1394 1625 ayricolis
1421 1568 1605 1625 mirifice
1632 1569 1822 1612 sensisse
1833 1587 1854 1618 ,·
1880 1583 1967 1627 po·-

213 1645 379 1684 uuutur
396 1642 606 1699 eoeempla,
626 1640 679 1683 de
699 1641 841 1684 variis
854 1641 1107 1699 prcesertim
1123 1642 1246 1685 horis
1263 1641 1352 1685 diei
1366 1660 1388 1691 ,·
1419 1641 1472 1685 de
1494 1641 1666 1686 colendi
1686 1642 1934 1686 rationibus
1945 1661 1967 1692 ,-

213 1715 267 1759 de
291 1715 543 1774 pecudibus
565 1720 608 1759 et
629 1715 801 1774 apibus.
865 1715 941 1759 Ea
961 1716 1124 1774 soepius
1140 1716 1312 1772 festive
1333 1717 1499 1774 efferri.
1552 1717 1606 1760 Iu
1628 1716 1825 1761 omuibus
1846 1732 1968 1775 proe-

213 1790 341 1848 cipue
362 1790 621 1834 commoveri
644 1790 919 1848 Scriptorem
941 1791 1148 1834 memoria
1162 1790 1330 1849 praedii
1351 1797 1521 1836 tantum
1541 1807 1629 1836 uon
1650 1792 1818 1836 amissi.

321 1936 599 2006 OLITE,
631 1958 858 2014 quaeSQ
890 1946 1122 2016 putare,
1149 1926 1527 2010 Academici,
1550 1947 1751 1998 actum
1787 1940 1968 1997 modo

371 2056 482 2094 nos
528 2057 725 2115 agere,
771 2058 1076 2115 memque,
1123 2059 1303 2116 quam
1355 2047 1590 2109 vocant,
1636 2039 1968 2119 σκιομαχίᾳ,

157 2146 404 2214 tempus
435 2144 654 2206 terere,
686 2139 846 2214 quod
880 2138 1110 2197 scilicet
1146 2139 1339 2197 altero
1373 2140 1503 2216 jam
1546 2159 1821 2198 sermone
1864 2140 1972 2197 ho-

157 2235 256 2293 die
288 2233 650 2312 Virgilianae
686 2235 947 2293 Poeseos
979 2255 1279 2293 summam
1311 2242 1661 2294 tractamus,
1741 2235 1972 2293 Tenea-

156 2335 235 2392 tis
283 2333 483 2402 velim,
530 2353 652 2391 non
705 2335 766 2391 in
820 2354 893 2392 eo
941 2335 1159 2393 versari
1214 2335 1568 2403 orationem,
1616 2341 1686 2392 ut
1735 2335 1968 2401 doceat,
2010 2386 2012 2388 ,

159 2432 491 2492 Pastoralia
525 2433 814 2491 libentius
845 2435 1135 2492 cecinisse
1174 2434 1347 2492 illum
1381 2436 1597 2504 virum,
1627 2454 1810 2512 quam
1842 2433 1972 2491 He-

159 2534 339 2590 roica.
420 2531 583 2590 Satis
604 2533 992 2609 jampridem,
1024 2539 1094 2590 ut
1125 2531 1382 2589 arbitror
1413 2532 1714 2608 equidem,
1739 2531 1968 2589 factum

161 2639 291 2690 erat
336 2631 423 2688 illi
471 2631 622 2690 loco,
714 2631 837 2690 Sed
870 2651 1064 2708 operae
1096 2632 1362 2708 pretium
1393 2631 1521 2688 fore
1553 2630 1889 2699 videbatur,
1922 2631 1970 2688 si

162 2731 562 2808 explicaver0‚
596 2751 716 2807 quo
747 2732 992 2789 tandem
1042 2732 1313 2789 evenerit
1358 2731 1558 2799 mode,
1591 2737 1660 2788 ut
1700 2730 1824 2788 ruri
1862 2749 1971 2788 suo

162 2831 529 2889 valediceret
570 2831 883 2909 ingenium
930 2830 1078 2889 illud
1127 2837 1513 2888 mansuetum
1545 2850 1615 2888 ac
1644 2829 1847 2899 molle,
1881 2844 1978 2888 se:

163 2951 281 3008 que
334 2930 664 2989 contulerit
714 2930 778 2987 in
829 2930 1138 2988 horrentia
1183 2929 1405 2988 Martis
1449 2948 1631 2996 arma,
1678 2936 1863 3006 atque
1907 2929 1970 2985 in

165 3030 444 3109 frigidam
476 3030 643 3088 illam
676 3038 739 3088 et
770 3030 1252 3088 commentitiam
1282 3029 1497 3087 AEneae
1528 3047 1862 3105 personam.

253 3128 363 3187 Sin
393 3128 551 3185 forte
582 3127 852 3186 fastidiat
882 3127 1098 3205 aliquis
1128 3129 1472 3186 universam
1496 3127 1790 3204 ejusmodi
1811 3147 1968 3203 quae-

167 3228 446 3296 stionem,
478 3233 798 3303 propterea
843 3227 1128 3285 videlicet
1172 3228 1333 3304 quod
1381 3247 1453 3285 ea
1495 3246 1741 3285 necesse
1786 3226 1864 3284 sit
1909 3227 1972 3283 in

166 3326 467 3384 incertum
512 3326 748 3384 desinat
784 3334 847 3384 et
892 3327 956 3384 in
996 3327 1385 3405 ambiguum:
1430 3346 1641 3384 vereor
1679 3325 1971 3403 profect0‚

166 3445 245 3483 ne
290 3425 530 3484 sordeat
570 3425 658 3482 illi
698 3427 824 3483 viro
865 3427 1060 3484 omnis
1101 3426 1373 3484 omnium
1420 3425 1748 3501 disputatio
1787 3425 1862 3482 de
1909 3443 1975 3481 re

166 3526 440 3602 poetica3
493 3526 664 3602 cujus
716 3525 1074 3603 plerumque
1123 3524 1401 3583 subtilior
1447 3525 1526 3582 sit
1573 3525 1743 3591 ratio,
1791 3542 1972 3600 quam

169 3644 301 3701 quae
331 3624 717 3703 physicorum
748 3626 870 3683 ritu
902 3623 1182 3683 concludi
1214 3644 1283 3682 ac
1316 3623 1550 3682 definiri
1580 3624 1786 3701 possit.
1857 3622 1973 3680 Po-
