2288 4036
141 240 301 276 PRAEL.
313 240 441 275 xxv,
473 230 519 274 et
531 221 826 290 praesertim
845 220 1075 290 Hyyeiae,
1093 219 1349 272 advoc-acce
1368 217 1443 271 ad
1457 218 1750 270 Hieronem.
1777 203 1878 269 501

140 366 380 424 adversa
422 362 759 419 valetudine
811 361 1145 419 laborabat:
1203 379 1331 417 eam
1384 360 1585 433 itaque
1633 359 1886 415 occasio-

139 479 276 518 nem
320 466 526 516 nactus
558 458 760 525 Poeta,
791 458 1184 514 narrationem
1228 455 1488 512 instituit
1523 453 1887 530 elegantissi-

139 575 297 613 mam
347 554 526 621 illam,
572 555 645 610 de
691 553 1012 629 AEsculapii
1061 560 1212 619 ortn,
1269 551 1552 617 doctrina,
1599 550 1844 606 interitu
1872 569 1884 607 :

140 671 255 727 quo
283 652 345 706 in
368 651 624 707 carmine
651 650 842 707 multa
871 650 1052 707 habet
1083 669 1159 706 ex
1188 649 1398 705 intima
1428 654 1489 704 et
1520 646 1887 704 sanctissima

139 748 421 825 religione
452 748 815 822 deprompta.
903 745 1222 803 Advertite
1256 753 1474 812 autem,
1505 763 1682 819 quam
1717 741 1883 798 molli

140 841 299 899 flexu
331 842 603 898 deveniat
633 844 874 899 tandem
907 842 1171 918 Scriptor
1199 842 1274 898 ad
1316 842 1507 916 ipsum
1541 839 1884 902 Hieronem,

139 938 212 994 ad
262 957 509 1013 eamque
568 959 862 1014 pompam,
911 959 1043 1014 quae
1093 940 1219 1013 jam
1271 946 1397 994 tum
1440 936 1754 1014 Syracusas
1797 935 1885 991 in-

139 1036 515 1113 grediebatur
530 1044 560 1070 x
580 1055 591 1092 :

372 1169 409 1214 εἶ
430 1170 476 1215 δὲ
498 1170 690 1229 σώφρων
710 1170 863 1229 ἄντρον
883 1170 985 1216 ἔναι’
1005 1171 1068 1215 ἔτι
1088 1168 1266 1228 Χείρων,
1290 1168 1362 1214 καί·
1379 1169 1424 1213 τί·
1441 1169 1480 1212 οἱ

370 1243 559 1301 φίλτρον
579 1243 624 1287 ἐν
644 1243 762 1303 θυμῷ
783 1244 1039 1301 μελιγάρυες
1059 1242 1182 1300 ὕμνοι

369 1313 567 1372 ἁμέτεροι
589 1315 717 1358 τίθεν·
751 1315 900 1373 ἷατῆρα
921 1316 989 1359 τοί
1009 1314 1081 1359 κέν
1101 1333 1165 1359 νιν
1183 1313 1312 1357 πίθον

371 1387 439 1430 καὶ
460 1389 533 1431 νῦν
555 1387 730 1430 ἐσλοῖσι
751 1389 995 1443 παρασχεῖν
1014 1385 1220 1444 ἀνδρᾷσιν
1241 1386 1401 1443 θερμᾶν
1421 1386 1563 1429 νόσων

370 1461 399 1515 ἤ
416 1475 508 1503 τινα
529 1456 716 1502 Λατοΐδα
737 1457 993 1516 κεκλήμενον
1013 1458 1038 1515 ἢ
1059 1457 1259 1515 πατέρος·

369 1531 440 1574 καί
459 1548 530 1575 κεν
549 1530 595 1575 ἐν
615 1534 766 1575 ναῦσιν
785 1533 922 1587 μόλον
941 1530 1094 1575 Ἰονίαν
1114 1529 1278 1587 τέμνων
1296 1528 1541 1580 θάλασσαν,

368 1599 631 1660 Ἀρέθουσαν
653 1603 722 1646 ἐπὶ
743 1602 898 1659 κράναν
917 1602 1017 1660 παρ’
1041 1602 1239 1646 Αἰτναῖον
1259 1600 1395 1656 ξένον,

369 1672 416 1718 ὃς
437 1675 762 1731 Συρακόσσαισι
783 1673 897 1731 νέμει
917 1674 1129 1727 βασιλεὺς

366 1742 505 1801 πραῢς
524 1744 689 1796 ἀστοῖς,
712 1746 762 1788 οὐ
782 1744 979 1803 φθονέων
997 1745 1189 1804 ἀγαθοῖς,
1211 1744 1364 1799 ξείνοις
1385 1743 1431 1787 δὲ
1454 1742 1700 1799 θαυμαστὸς
1719 1739 1873 1798 πατήρ.

368 1819 428 1875 τῷ
449 1816 540 1872 μὲν,
563 1816 740 1873 διδύμας
760 1816 955 1875 χάριτας,

369 1886 407 1929 εἶ
439 1886 620 1939 κατέβαν
652 1888 813 1945 ὑγίειαν
843 1889 959 1946 ἄγων
984 1886 1191 1945 χρυσέαν,
1215 1888 1361 1943 κῶμόν»
1383 1885 1419 1929 τ’
1442 1884 1607 1929 ἀέθλων
1627 1884 1800 1928 Πυθίων
1821 1881 1890 1926 α’ίι

486 1961 599 2017 γλαν
620 1959 870 2017 στεφάνοις,

369 2030 468 2075 τοὺς
487 2029 726 2087 ἀριστεύων
746 2031 968 2088 Φερένικος
988 2031 1013 2074 ἕ
1016 2030 1057 2074 λ’
1080 2031 1131 2076 ε’ν-
1147 2031 1285 2089 Κίρρᾳ
1305 2049 1426 2082 ποτε,

368 2098 553 2159 ἀστέρος
573 2102 784 2159 οὐρανίου,
807 2103 937 2160 φαμὶ,
959 2101 1306 2161 τηλαυγέστερον
1326 2102 1446 2159 κείνῳ
1467 2100 1586 2159 φάος

370 2172 572 2229 ἐξικόμαν
592 2191 653 2225 κε,
674 2174 813 2226 βαθὺν
832 2177 991 2218 πόντον
1008 2173 1232 2231 περάσαις.

139 2299 372 2361 Videtis
437 2305 640 2363 adesse
699 2306 892 2364 Deam
956 2307 1141 2381 ipsam
1205 2305 1518 2382 Hygeiam‚
1578 2323 1713 2360 cum
1781 2322 1887 2359 suo

136 2399 417 2468 antistite,
470 2401 648 2461 choro
706 2402 1050 2476 triumphali
1107 2403 1404 2462 comitem.
1499 2400 1651 2456 Tum
1709 2400 1884 2474 quale

137 2493 299 2562 illud,
330 2497 488 2571 quod
531 2497 870 2572 appingitur
900 2498 1334 2571 quodammodo
1377 2496 1680 2553 luculenta
1723 2496 1888 2570 quasi

137 2590 365 2665 pictura
403 2593 577 2648 fausti
627 2592 846 2660 sideriS,
876 2592 1081 2667 procul
1111 2593 1173 2648 in
1203 2591 1450 2654 Oriente
1489 2612 1663 2667 super
1697 2592 1886 2648 altum

136 2705 296 2745 mare
326 2688 649 2763 surgentis:
691 2687 926 2766 ἀστέρος
957 2688 1216 2766 οὐρανίου,
1247 2713 1294 2744 κ.
1325 2714 1380 2746 τ.
1410 2694 1466 2744 λ.
1563 2688 1713 2762 Ejus
1755 2706 1887 2762 pro-

137 2781 294 2838 fecto
352 2801 519 2844 venae
579 2790 734 2850 sunt,
793 2803 925 2858 quae
986 2785 1109 2841 visa
1178 2785 1442 2850 subinde,
1502 2793 1707 2841 natum
1766 2804 1888 2845 non

136 2877 360 2934 factum
393 2878 644 2935 Poetam
675 2880 897 2954 optime
928 2879 1205 2940 declaret.

229 2972 429 3030 Etiam
486 2974 548 3030 in
595 2976 851 3049 quodam
911 2977 1154 3032 exordio
1213 2976 1524 3052 magnifice
1581 2976 1883 3050 praedicat,

137 3067 330 3128 Horas
389 3070 560 3144 ipsas,
612 3089 715 3127 seu
766 3070 967 3127 fatalia
1017 3078 1302 3147 tempora,
1355 3072 1570 3129 versari
1619 3073 1680 3128 in
1731 3073 1887 3133 festa

137 3181 338 3220 eorum
369 3171 620 3232 caterva,
651 3167 749 3240 qui
780 3166 1121 3223 nuntiatum
1153 3168 1459 3224 victoriam
1491 3170 1737 3224 veniunt
1755 3177 1798 3224 y.

370 3297 530 3355 ἐλάτηρ
550 3298 759 3355 ὑπέρτατε
777 3302 964 3358 βροντᾶς
983 3301 1329 3355 ἀκαμαντοπόδος
1350 3306 1443 3346 Ζεῦ·
1478 3303 1568 3346 τεαὶ
1588 3303 1672 3360 γὰρ
1694 3304 1799 3360 ὥραι

368 3369 451 3412 ὑπὸ
471 3371 888 3430 ποικιλοφόρμιγγος
908 3373 1053 3419 ἀοιδᾶς
1075 3373 1357 3431 ἑλισσόμεναί
1376 3373 1418 3431 μ’
1441 3375 1644 3435 ἔπεμψαν

370 3561 389 3582 ⁸
418 3556 550 3612 Pytk.
574 3571 741 3614 3.111.
1395 3568 1419 3598 Υ
1445 3561 1512 3604 Ol.
1537 3576 1583 3614 4,
1607 3574 1646 3604 1.
