2288 4036
173 292 327 332 PRAEL.
347 298 529 331 xxx1v.
629 279 893 332 Lucretius
919 286 1073 331 mente
1086 280 1307 349 fortasse
1333 284 1525 346 captus.
1816 274 1923 327 685

182 426 340 482 niani
404 424 537 481 libri
603 424 1076 501 significationes,
1134 443 1252 481 non
1319 424 1473 480 bene
1536 421 1672 477 ferri
1721 440 1755 477 a
1817 421 1928 495 piis

180 521 462 595 bonisque
501 520 634 577 viris
678 520 771 576 vel
824 521 1009 595 ipsam
1059 519 1300 595 Epicuri
1352 517 1736 583 mentionem,
1780 516 1932 590 ejus-

181 636 294 692 que
339 617 412 672 de
456 614 586 672 Diis
630 616 1060 673 immortalibus
1102 616 1428 673 sententiae.
1520 613 1742 670 Lenius
1781 612 1934 669 mul-

181 721 244 769 to
286 711 633 786 plerumque
684 713 903 770 nostri:
957 713 1172 788 quippe
1217 712 1315 787 qui
1361 731 1394 768 e
1438 711 1762 786 longinquo
1807 728 1931 765 rem

183 812 489 883 spectent3
550 805 888 880 Epicureos,
942 805 1191 872 Stoicos,
1243 824 1724 879 unamquamque
1778 811 1939 860 vete-

182 922 315 959 rum
361 893 674 969 familiam,
697 903 821 977 pari
866 902 1050 959 ferme
1094 901 1310 959 affectu
1356 901 1743 976 contemplari
1789 899 1938 957 sole-

182 1006 319 1066 ant;
358 999 747 1055 misereantur
777 999 972 1073 potius
1004 999 1284 1065 omnium,
1316 1017 1492 1073 quam
1523 998 1657 1054 ullis
1686 999 1937 1054 irascan-

182 1100 296 1150 tur.

268 1188 442 1257 Quod
473 1190 520 1246 si
551 1191 649 1264 qui
691 1191 961 1248 ferendos
994 1190 1268 1265 judicant
1302 1190 1434 1247 illos
1475 1190 1677 1256 etiam,
1711 1187 1811 1263 qui
1840 1186 1939 1242 fri-

188 1286 327 1361 gide
371 1286 690 1361 disputant,
736 1306 898 1344 more
950 1286 1296 1354 scholarum,
1343 1306 1418 1342 ex
1460 1284 1700 1360 Epicuri
1745 1283 1940 1339 edicto

186 1388 247 1438 et
291 1381 577 1450 formula3
623 1382 815 1438 multo
859 1384 1061 1459 magiS,
1099 1383 1321 1458 opinor,
1362 1380 1683 1439 tolerabilis
1725 1379 1837 1436 erit
1881 1379 1941 1434 in

188 1478 398 1533 eodem
446 1485 795 1554 argumento
840 1477 1065 1536 Poeta:
1119 1479 1219 1553 qui
1264 1479 1452 1553 primo
1497 1484 1588 1534 tot
1630 1476 1813 1533 habet
1858 1475 1943 1532 di-

190 1574 476 1631 verticula
506 1581 567 1631 et
597 1575 905 1642 discursus,
937 1593 1186 1650 quorum
1223 1593 1400 1649 opera
1430 1572 1593 1647 quasi
1633 1573 1694 1628 in
1737 1567 1942 1627 umbra

187 1669 458 1727 collocari
505 1672 731 1745 possint
780 1671 1069 1728 odiosiora
1107 1687 1386 1744 quaeque:
1434 1668 1646 1725 deinde
1689 1686 1763 1723 ex
1809 1666 1941 1742 lege

189 1775 249 1826 et
278 1770 613 1845 praescripto
638 1770 829 1844 operis
860 1770 967 1836 sui,
992 1768 1292 1825 licentiam
1320 1766 1502 1823 habet
1525 1765 1684 1822 aliud
1707 1764 1939 1840 agendi,

187 1871 365 1940 atque
401 1864 568 1934 illud,
601 1866 756 1940 quod
801 1884 918 1940 prae
961 1883 1022 1921 se
1065 1865 1179 1920 fert
1222 1870 1284 1919 et
1328 1868 1608 1919 ostentat.
1699 1860 1793 1916 Ex
1823 1879 1940 1934 quo

186 1957 451 2024 efficitur,
500 1959 626 2015 fieri
677 1978 864 2034 posse,
911 1966 979 2016 ut
1027 1977 1257 2016 summa
1302 1956 1592 2032 poematis
1639 1954 1834 2029 palam
1879 1960 1940 2010 et

188 2061 390 2129 aperte
434 2062 613 2130 neget
658 2073 783 2112 esse
824 2055 916 2111 vel
963 2053 1178 2112 Manes
1212 2053 1306 2110 vel
1347 2052 1528 2118 Deos,
1560 2069 1694 2108 cum
1741 2056 1940 2106 tamen

186 2150 374 2208 omnis
404 2151 528 2225 ejus
559 2158 729 2207 tenor
758 2159 936 2226 atque
967 2150 1194 2207 indoles
1222 2149 1398 2207 faciat
1428 2167 1564 2205 cum
1596 2148 1666 2204 iis
1691 2148 1791 2222 qui
1821 2147 1941 2221 pie-

186 2253 375 2303 tatem
405 2252 622 2302 amant.

279 2341 552 2410 Habetis,
598 2340 959 2411 Academici,
1005 2363 1109 2401 cur
1159 2343 1523 2409 crediderim,
1572 2341 1939 2406 Lucretium,

189 2458 325 2497 cum
363 2447 424 2496 et
463 2438 650 2495 Poeta
694 2439 980 2507 extiterit,
1011 2447 1073 2496 et
1105 2459 1175 2496 eo
1210 2440 1463 2515 viguerit
1509 2447 1795 2514 tempore,
1826 2457 1943 2512 quo

187 2536 449 2592 nondum
483 2534 752 2591 eluxerat
788 2535 938 2592 ratio
969 2554 1105 2592 vere
1137 2535 1348 2602 divina,
1369 2535 1669 2610 judicibus
1700 2552 1941 2590 usurum

189 2630 388 2706 paullo
442 2631 897 2707 benignioribus.
993 2631 1301 2700 Praeterea,
1355 2640 1524 2689 vetus
1582 2638 1673 2689 est
1729 2631 1942 2706 opini0,

189 2728 367 2785 fuisse
411 2727 578 2784 illum
625 2728 815 2784 virum
860 2729 944 2786 ita
988 2736 1227 2804 captum
1273 2736 1473 2786 mente
1518 2735 1579 2785 et
1623 2729 1838 2794 animo,
1875 2735 1942 2783 ut

188 2824 400 2899 saepius
443 2831 642 2881 tamen
680 2824 973 2881 frueretur
1016 2826 1266 2882 sanitate
1297 2833 1358 2882 et
1389 2826 1609 2900 requie,
1639 2825 1939 2881 morbum-

191 2938 306 2993 que
355 2921 778 2996 gravissimum,
830 2941 934 2996 per
989 2922 1102 2978 ista
1159 2920 1482 2988 intervalla,
1537 2920 1827 2977 cantando
1879 2928 1940 2976 et

189 3015 652 3091 philosophando
682 3018 846 3092 quasi
876 3017 1123 3075 falleret.
1192 3017 1448 3085 Eusebii,
1474 3018 1771 3094 diligentis
1800 3036 1939 3075 sane

191 3113 460 3179 auctoris,
493 3113 777 3170 disertum
817 3115 890 3171 de
925 3134 994 3171 ea
1038 3133 1100 3171 re
1139 3115 1543 3172 testimonium
1589 3121 1772 3172 extat.
1862 3114 1937 3181 Is,

192 3203 461 3265 eo‘anno
510 3229 625 3284 quo
676 3209 1036 3279 Triumviris,
1085 3211 1312 3279 Caesari,
1366 3210 1666 3286 PompeiO,
1714 3211 1937 3278 Crass0‚

193 3305 614 3380 prorogabatur
659 3306 991 3381 imperium,
1035 3314 1336 3364 mortuum
1378 3326 1503 3365 esse
1548 3308 1690 3364 dicit
1719 3307 1784 3364 T.
1820 3307 1940 3363 Lu-

192 3400 457 3467 cretium,
490 3400 754 3469 Poetam,
786 3403 885 3477 qui
927 3392 1190 3478 “poculo
1240 3405 1523 3462 amatorio
1574 3405 1635 3460 in
1681 3404 1936 3461 furorem

194 3512 408 3562 versus,
439 3514 573 3552 cum
604 3495 828 3571 aliquot
859 3497 1035 3562 libros
1064 3518 1169 3574 per
1198 3500 1506 3557 intervalla
1535 3501 1771 3557 insaniae
1801 3519 1941 3556 con-
