2288 4036
383 170 495 225 498
870 170 952 222 De
977 167 1149 221 babneo
1173 175 1218 221 et
1229 166 1438 251 festiva
1465 167 1659 221 chorea.
1886 187 2047 221 PRAEL.
2059 188 2184 224 xxv.

385 311 525 369 dam
584 312 660 370 de
715 311 1242 389 splendidioribua
1302 332 1337 370 a
1398 312 1726 381 verisimili,
1780 331 1880 371 me
1939 315 2184 389 quidem

372 411 600 487 judice,
625 430 747 467 non
778 409 1044 467 multum
1075 410 1424 468 abhorrebit
1455 411 1584 487 ejus
1616 411 1982 488 conjectura.
2043 411 2084 469 J
2087 431 2186 469 am

385 527 507 565 non
538 507 797 586 figurato
829 508 934 565 sed
972 508 1212 584 proprio
1244 527 1518 567 sermone
1550 509 1758 568 laudat
1789 510 2012 587 alioqui
2045 510 2187 568 Pin—

385 607 564 664 darus
595 605 910 683 epularum
944 604 1190 663 delicias
1207 614 1253 663 P.

623 723 816 782 ἁσυχίαν
837 722 884 766 δὲ
906 723 1035 781 φιλεῖ
1055 722 1135 780 μὲν
1157 724 1424 780 συμπόσιον·
1456 723 1669 782 νεοθαλὴς
1691 724 1728 769 δ’
1752 725 1928 781 αὔξεται

621 796 826 855 μαλθακᾷ
848 796 1084 855 νικαφόρια
1106 795 1190 841 σὺν
1210 795 1352 854 ἀοιδᾷ·
1387 796 1619 855 θαρσαλέα
1642 798 1691 842 δέ
1710 799 1830 856 παρὰ
1852 800 2044 857 κρητῆρα
2059 797 2187 856 φωνὰ

807 870 1019 930 γίγνεται·

623 941 860 1003 ἐγκιρνάτω
882 939 949 988 τίς
968 959 1058 999 μιν,
1079 940 1248 1000 γλυκὺν
1269 942 1415 997 κώμου
1437 939 1686 999 προφάταν,

620 1016 884 1077 ἀργυρέαισι
905 1015 953 1060 δὲ
975 1013 1157 1073 νωμάτω
1179 1013 1393 1074 φιάλαισι
1413 1012 1571 1067 βιάταν

619 1090 822 1150 ἀμπέλου
842 1089 979 1142 παῖδ’,
1001 1088 1052 1136 ἅς
1071 1088 1171 1135 ποθ’
1194 1087 1321 1134 ἵπποι
1344 1087 1609 1147 κτησάμενοι
1629 1089 1807 1149 Χρομίῳ

622 1165 811 1224 πέμψαν
832 1163 1139 1223 θεμιπλέκτοις
1159 1161 1249 1221 ἅμα

622 1238 813 1285 Λατοῖδά
833 1237 1075 1298 στεφάνοις
1096 1238 1143 1283 ἐκ
1164 1240 1243 1284 τᾶς
1265 1239 1383 1296 ἱερᾶς
1404 1241 1633 1284 Σικυῶνος.

382 1343 639 1413 Dextre‚
675 1350 747 1402 ut
792 1342 1033 1411 assolet,
1080 1343 1144 1400 in
1189 1340 1559 1418 triumphale
1604 1340 1950 1398 convivium
1996 1348 2188 1400 crate-

381 1462 475 1501 ras
505 1442 709 1511 infert,
740 1442 1011 1520 priorum
1042 1440 1444 1499 certaminum
1477 1439 1745 1517 praemia.

467 1541 691 1619 Neque
742 1560 886 1599 vero
938 1540 1090 1598 illud
1150 1539 1646 1617 praetereundum
1699 1537 1975 1608 arbitror,
2023 1538 2180 1616 quod

363 1642 534 1717 justo
586 1641 852 1699 carmine
904 1641 1188 1718 dignatus
1241 1644 1334 1696 est
1387 1637 1815 1695 commendare
1873 1637 2178 1705 balneum,

378 1741 676 1817 palaestrae
708 1739 1011 1808 solatium,
1043 1737 1360 1816 epularum
1390 1737 1740 1795 comitemq.

621 1863 724 1909 οὐδὲ
746 1862 910 1923 θερμὸν
930 1862 1049 1922 ὕδωρ
1068 1864 1210 1921 τόσον
1230 1880 1283 1921 γε
1304 1859 1509 1919 μαλθακὰ
1529 1859 1677 1919 τέγγει

618 1940 739 1997 γυῖα,
762 1939 935 1983 τόσσον
956 1937 1139 1997 εὐλογία
1160 1937 1383 1996 φόρμιγγι
1405 1933 1639 1994 συνάορος.

464 2035 676 2114 Atque
718 2037 835 2096 hoc
866 2037 1113 2113 quidem
1159 2035 1382 2095 semel:
1431 2035 1651 2093 chorea
1682 2054 1826 2092 vero
1856 2035 2089 2105 festiva,
2122 2042 2186 2093 et

377 2154 602 2212 pompa
645 2136 1118 2204 comissantium,
1151 2155 1271 2212 qua
1308 2135 1508 2211 excipi
1541 2135 1835 2192 victorem
1880 2154 2012 2193 mos
2056 2142 2187 2193 erat

379 2234 544 2291 domi
574 2253 611 2291 a
640 2234 778 2302 suis,
808 2235 1034 2293 iterum
1063 2235 1409 2310 iterumque
1440 2232 1784 2291 celebratur
1814 2234 1943 2310 ejus
1974 2235 2188 2292 carmi-

378 2333 577 2402 nibus,
608 2353 748 2391 cum
782 2334 1007 2392 eximia
1037 2334 1298 2410 quadam
1344 2332 1784 2411 significatione
1823 2333 2184 2411 gratulantis

378 2433 583 2490 animi.
680 2431 911 2509 Atque,
958 2452 1077 2508 quo
1130 2432 1395 2509 penitius
1443 2431 1824 2510 intelligatur
1872 2434 2185 2512 egregium

381 2530 628 2590 Pindari
674 2551 752 2590 ex
797 2531 911 2591 hac
956 2538 1128 2608 parte
1173 2530 1510 2600 consilium,
1542 2532 1990 2590 consideremus
2020 2552 2187 2609 quae-

378 2649 521 2689 nam
601 2630 787 2688 fuerit
867 2630 1253 2708 potissimum
1336 2630 1676 2688 istiusmodi
1748 2634 1936 2699 κωμῶν
2009 2632 2183 2689 ratio,

383 2729 629 2807 Nempe
689 2737 825 2807 post
878 2729 1145 2788 delatam
1198 2748 1501 2797 coronam,
1554 2729 1786 2788 solenni
1841 2730 2050 2789 ordine
2093 2750 2185 2789 so-

380 2829 546 2888 dales
577 2836 641 2887 et
671 2829 851 2887 amici
881 2829 1143 2898 victoriS,
1176 2848 1317 2887 cum
1357 2829 1505 2905 ipso,
1543 2825 1620 2887 ad
1660 2828 1959 2906 templum
2000 2828 2187 2888 alicu-

370 2928 473 3005 jus
504 2928 778 2986 Deorum
809 2928 1193 2986 incedebant.
1281 2926 1539 2995 Deinde,
1572 2928 1729 2986 votis
1758 2927 1874 2986 rite
1903 2929 2183 3005 peractiS,

381 3027 797 3086 deducebatur
825 3027 989 3084 idem
1020 3027 1218 3086 fausto
1249 3026 1512 3085 clamore
1542 3047 1612 3085 ac
1644 3034 1847 3085 cantn.
1935 3027 2185 3087 Poterat

383 3132 590 3183 autem
640 3144 713 3183 ea
763 3144 986 3202 pompa
1027 3126 1158 3183 fieri
1203 3125 1300 3183 vel
1347 3125 1592 3194 ibidem,
1634 3145 1753 3202 quo
1797 3127 2185 3202 pertinebant

380 3223 526 3292 ludi,
560 3224 656 3282 vel
688 3225 852 3282 domi
886 3225 1073 3301 juxta
1116 3222 1547 3301 triumphantis
1591 3223 1839 3282 athletae
1878 3225 2183 3295 reditum;

382 3342 455 3381 ea
497 3323 680 3381 modo
732 3323 868 3401 lege
913 3330 1166 3392 servata,
1211 3328 1283 3380 ut
1328 3342 1549 3400 magna
1592 3323 1722 3399 ejus
1766 3342 2003 3400 pompae
2046 3343 2184 3402 pars

382 3428 541 3480 esset
570 3422 847 3492 ἐπινικίον,
879 3423 1041 3498 quod
1070 3421 1478 3500 appellabant,
1510 3441 1771 3480 carmen.

623 3617 648 3650 Ρ
683 3610 809 3654 Nem.
833 3624 878 3669 9.
907 3622 1009 3668 115.
1637 3617 1661 3648 (ι
1693 3608 1806 3652 Ibid.
1831 3624 1874 3664 4.
1901 3619 1942 3667 7.
