2288 4036
159 197 312 230 PRAEL.
333 196 481 227 xxm.
547 177 602 227 in
627 193 744 228 aves
769 193 957 245 quoque
981 184 1025 227 et
1050 176 1106 226 in
1118 176 1270 244 feras
1295 175 1658 227 misericordia.
1799 178 1906 233 457

159 321 547 381 Gratulantur
575 321 684 378 sibi
713 328 847 396 post
878 320 1092 395 paullo,
1123 338 1325 396 preces
1355 338 1417 377 se
1448 320 1748 387 funderen,

507 425 580 466 νῦν
601 422 646 466 ἐν
664 423 910 477 ποιονόμοις

506 493 666 550 ματρὸς
685 492 867 549 ἀρχαίας
885 492 1045 538 τόποις·

161 573 411 647 bonique
441 573 497 628 id
530 572 659 629 loco
690 573 900 630 ominis
940 573 1180 641 habent,
1211 574 1368 649 quod
1399 573 1499 631 ubi
1532 573 1761 652 ,Magna
1804 575 1905 632 illa

162 669 361 726 Mater
390 669 702 744 pueritiam
733 668 874 725 olim
905 677 1123 745 egerat,
1147 671 1300 728 curis
1329 678 1659 753 expertem,
1684 672 1904 729 ibidem

158 774 218 822 et
248 766 384 841 ipsis
416 784 619 822 secura
648 766 992 823 conceditur
1021 767 1197 823 statio
1217 776 1274 824 ⁰:

507 868 610 910 Δῖον
629 883 696 910 τοι
714 867 839 924 γένος
859 866 1054 924 εὐχομεθ’
1077 866 1181 911 εἶναι

506 940 584 995 γᾶς
605 938 689 982 ἄπο
711 938 834 983 τᾶσδ’
857 939 1026 983 ε’νοίκοι.

504 1012 689 1055 πάλαιον
710 1010 745 1054 δ’
769 1010 828 1056 εἷς
847 1010 967 1068 ἰ’χνος
986 1011 1198 1068 μετέσταν

503 1081 699 1139 ματέρος,
721 1082 981 1139 ἀνθονόμους
1001 1083 1185 1134 ε’πώπας,

504 1156 689 1209 λειμῶνα
708 1155 932 1212 βουχίλον,
956 1155 1076 1200 ἔνθεν
1084 1154 1178 1207 Ἴω,

505 1224 667 1286 οἴστρῳ
693 1226 975 1284 ἐρεσσομένα,

503 1297 657 1357 φεύγει
677 1298 945 1357 ἁμαρτίνοος,

502 1371 649 1414 πολλὰ
667 1373 840 1429 βροτῶν
860 1370 1165 1428 διαμειβομένα

503 1444 640 1501 φῦλα.

235 1522 334 1580 Ad
379 1543 686 1592 summam,
718 1530 1031 1600 utramque
1075 1525 1377 1602 regionem
1409 1526 1500 1583 vel
1535 1547 1651 1584 una
1685 1529 1905 1604 suppli-

153 1621 383 1678 catione
430 1621 779 1678 amicissime
828 1622 1124 1698 copulant‚
1178 1623 1270 1679 vel
1323 1624 1408 1680 ita
1459 1632 1620 1682 certe
1665 1624 1904 1702 Argivis

154 1718 295 1774 dant
346 1719 577 1792 primas,
613 1726 682 1775 ut
727 1720 1058 1795 significent
1099 1739 1160 1776 se
1208 1739 1344 1777 cum
1387 1720 1604 1778 affectu
1648 1723 1903 1797 quodam

152 1833 269 1869 non
301 1814 412 1871 levi
445 1816 654 1872 domus
685 1816 863 1872 etiam
897 1817 1151 1891 antiquae
1181 1817 1472 1874 reminisci
1496 1827 1538 1873 Ρ.

503 1911 618 1959 αἶνος
638 1914 683 1957 δὲ
703 1917 833 1958 πόλιν
852 1913 976 1970 τήνδε
998 1917 1243 1974 Πελασγῶν

503 1986 653 2044 ἐχέτω
684 1986 780 2044 μήδ’
802 1988 863 2031 ἔτι
887 1989 1049 2031 Νείλου

502 2064 696 2119 προχόας
717 2062 915 2119 σέβωμεν
935 2061 1093 2118 ὕμνοις·

502 2134 719 2191 ποταμοὺς
741 2133 776 2177 δ’
793 2133 840 2184 ,οἲ
863 2135 933 2177 διὰ
953 2136 1098 2192 χώρας

504 2205 684 2263 θελεμὸν
703 2211 831 2263 πῶμα
850 2206 1030 2264 χέουσιν

502 2277 755 2323 πολύτεκνοι
775 2281 975 2337 λιπαροῖς
993 2279 1094 2336 χεύ-

504 2370 612 2406 μασι
632 2352 757 2409 γαίας

504 2423 603 2467 τόδε
623 2423 926 2480 μειλίσσοντες
946 2423 1088 2469 οὖδας.

238 2504 458 2561 Nescio
499 2507 770 2580 equidem
815 2526 887 2563 an
935 2507 1182 2563 debeam
1228 2507 1436 2562 eodem
1483 2507 1698 2563 referre
1742 2507 1902 2564 favo-

154 2620 295 2668 rem,
327 2622 442 2677 quo
486 2604 756 2677 prosequi
794 2603 1069 2660 videntur
1099 2602 1408 2678 Supplices
1452 2603 1728 2661 animalia
1756 2624 1898 2679 quo-

152 2717 265 2773 que
295 2718 379 2766 ea,
411 2719 539 2774 quae
569 2706 770 2756 carent
807 2701 1050 2757 ratione.
1138 2697 1423 2776 AEschylo
1455 2719 1593 2757 sane
1628 2701 1713 2772 (id
1744 2703 1899 2777 quod

151 2802 289 2850 ante
322 2796 447 2870 jam
485 2797 814 2872 docuimus)
845 2797 1041 2872 potuit
1074 2797 1421 2874 Pythagorae
1461 2796 1550 2854 sui
1595 2797 1902 2873 disciplina

151 2888 346 2948 locum
378 2892 540 2948 illum
582 2894 1011 2950 commendare.
1101 2893 1220 2950 Sed
1265 2894 1601 2962 videndum,
1642 2914 1717 2951 an
1761 2894 1900 2951 data

151 3007 326 3062 opera
369 2988 546 3044 choro
590 2989 698 3064 ipsi
742 2988 1059 3046 mulierum
1103 2990 1376 3048 tribuerit
1420 2989 1700 3066 Scriptor‚
1738 2991 1900 3066 quic-

151 3084 291 3158 quid
337 3085 621 3159 ejusmodi
674 3085 854 3142 habet
905 3086 1029 3143 haec
1073 3086 1415 3163 Tragoedia:
1474 3106 1547 3143 ne
1594 3087 1746 3143 forte
1798 3086 1899 3143 de-

150 3188 303 3237 esset
347 3180 586 3255 aliquid,
638 3183 794 3256 quod
842 3184 915 3240 ad
965 3190 1334 3240 mansuetam
1383 3191 1767 3259 teneramque
1811 3183 1898 3238 in-

150 3274 344 3332 dolem
374 3277 711 3351 pertineret.
801 3277 959 3335 Hinc
1001 3279 1293 3354 exquisita
1331 3279 1448 3346 illa,
1479 3280 1606 3354 jam
1648 3296 1834 3353 nuper
1863 3297 1898 3334 a

149 3370 316 3427 nobis
373 3372 642 3440 adducta,
693 3373 903 3447 quibus
960 3374 1055 3431 hic
1106 3374 1413 3431 lusciniam
1463 3394 1498 3431 a
1550 3374 1668 3431 suis
1719 3372 1896 3449 sylvis

264 3518 290 3541 n
323 3511 426 3567 Sap.
450 3523 522 3568 51.
682 3543 711 3554 2
839 3520 862 3542 o
894 3513 1005 3556 Ibid.
1030 3524 1130 3571 545.
1455 3521 1478 3552 P
1510 3512 1622 3571 Ibid.
1649 3526 1776 3569 1030.
