2288 4036
274 175 382 236 ”798
428 176 651 248 Sibyllae
662 175 825 247 folia.
894 169 1105 246 Viryilii
1129 193 1329 227 summa
1363 168 1657 246 Theoloyiae.
1699 194 1862 227 PRAEL.
1884 195 2069 229 xxxnt.

273 327 527 395 litantia,
582 325 750 383 nullo
804 325 1031 382 ordine.
1125 323 1221 381 Ex
1274 323 1379 381 illa
1432 331 1637 382 autem
1699 324 1902 383 fabula
1953 334 2073 383 non

274 427 443 496 alius,
470 431 538 484 ut
559 426 789 502 opinor,
821 423 1195 482 commodior
1226 422 1362 481 elici
1393 424 1618 500 poterit
1643 438 1866 493 80118118,
1892 445 2074 501 quam

274 535 345 584 ut
376 525 802 605 significaverit
835 518 1125 600 Scriptor,
1154 516 1492 581 divinarum
1524 542 1725 581 rerum
1759 524 2073 582 scientiam

276 639 349 683 ea
396 624 522 684 sola
567 624 703 702 lege
749 622 1000 681 concedi
1037 615 1411 691 mortalibus,
1457 631 1528 680 ut
1565 624 1696 700 ejus
1735 623 2076 701 fragmenta

274 725 457 782 modo
488 724 770 800 quaedam
801 735 863 780 et
904 721 1186 798 reliquias
1226 721 1324 779 hic
1354 720 1478 779 illic
1515 723 1744 799 possint
1775 722 2074 801 colligere,

276 830 461 881 vento
514 820 799 880 videlicet
850 827 1034 897 atque
1088 827 1236 878 aestu
1288 821 1658 897 quotidianae
1709 821 1887 898 hujus
1936 823 2076 880 vitae

275 922 495 981 misere
546 922 836 990 turbatas,
883 938 1232 997 sparsasque
1284 921 1347 976 in
1397 921 1598 978 omnia
1648 920 1796 979 loca.
1887 919 2080 990 Quin-

278 1023 464 1081 etiam
505 1021 654 1079 illud
701 1040 823 1079 non
860 1019 1113 1078 obscure
1150 1019 1394 1089 indicat,-
1437 1039 1559 1077 non
1603 1020 1766 1078 aliud
1806 1020 2079 1078 futurum

278 1122 420 1180 huic
462 1120 624 1178 malo
662 1115 1018 1186 remedium,
1050 1138 1249 1195 neque
1288 1117 1414 1177 ullo
1455 1126 1730 1197 tempore
1760 1114 1887 1178 fore
1918 1126 1988 1178 ut
2017 1120 2080 1177 in

279 1222 554 1279 ordinem
602 1227 787 1296 atque
836 1219 897 1276 in
946 1237 1090 1276 usus
1134 1218 1452 1277 hominum
1503 1220 1638 1298 cogi
1689 1220 1919 1296 possint
1966 1220 2083 1278 ista

280 1319 537 1389 oracula,
570 1318 683 1377 nisi
713 1319 759 1376 si
793 1318 925 1394 quis
969 1323 1179 1375 utatur
1221 1318 1461 1377 assidua
1500 1325 1564 1376 et
1610 1318 1846 1377 intenta
1884 1338 2080 1396 prece.

282 1420 559 1480 Venerat
609 1417 895 1476 videlicet
939 1416 1163 1476 AEneas
1211 1413 1286 1476 ad
1330 1417 1517 1477 limen
1563 1418 1765 1504 adyti:
1812 1426 1944 1477 tum
1993 1438 2083 1477 sa-

282 1520 491 1579 cerdos
515 1515 561 1589 b,

958 1598 1121 1645 Cessas
1143 1599 1191 1645 in
1213 1607 1319 1646 vota
1340 1616 1598 1661 precesque,

523 1674 657 1729 Tros,
680 1675 756 1728 ait,
780 1674 943 1729 AEnea,
967 1690 1117 1720 cessas
1136 1679 1152 1720 ?
1186 1690 1333 1735 neque
1354 1676 1477 1720 enim
1497 1683 1601 1721 ante
1623 1675 1855 1722 dehiscent

524 1751 746 1796 Attonitae
767 1765 935 1809 magna
956 1765 1036 1794 ora
1058 1749 1238 1795 domus.

285 1817 542 1904 Deinde,
575 1835 922 1912 precatione
953 1834 1129 1903 facta,
1163 1834 1500 1893 funduntur
1530 1835 1787 1894 oracula.

371 1935 775 2013 Quapropter,
800 1932 1179 2003 Academici,
1213 1955 1354 1993 cum
1386 1935 1682 2015 Virgilius
1720 1943 1926 1996 noster
1957 1956 2084 1995 om-

284 2036 462 2094 nibus
492 2034 861 2093 carminibus
907 2054 1027 2111 prae
1069 2053 1131 2092 se
1173 2035 1328 2094 ferat
1359 2036 1631 2094 Deorum
1667 2038 2086 2105 reverentiam,

285 2134 763 2193 immortalitatis
814 2153 1003 2212 spem,
1048 2133 1215 2192 illam
1263 2136 1523 2212 denique
1570 2137 1645 2195 de
1691 2138 1916 2195 virtute
1962 2137 2090 2213 opi-

285 2236 530 2294 nionem
584 2254 721 2311 quae
781 2242 998 2292 natura
1051 2254 1185 2292 eam
1245 2242 1423 2312 putet
1482 2237 1714 2307 sanciri,
1767 2257 1890 2295 non
1949 2236 2084 2314 lege

289 2334 447 2394 sola:
496 2353 758 2411 cumque
811 2341 1103 2412 praeterea
1149 2335 1334 2411 ipsius
1387 2335 1619 2396 indoles
1666 2338 1941 2414 proxime
1988 2357 2086 2395 ac-

289 2435 536 2494 cesserit
579 2435 656 2493 ad
696 2434 802 2492 illa
843 2433 1179 2503 Platonica,
1219 2436 1379 2511 quod
1425 2436 1620 2512 primo
1669 2436 1914 2495 delicias
1955 2456 2090 2496 suas

288 2534 557 2611 posuerit
608 2535 672 2591 in
723 2533 1018 2592 memoria
1062 2534 1330 2592 maxime
1374 2554 1575 2592 rerum
1613 2537 2090 2612 praeteritarum3

288 2634 508 2693 deinde
554 2634 719 2692 omni
765 2640 1041 2711 tempore
1085 2653 1156 2692 ac
1195 2633 1331 2691 loco
1371 2633 1566 2693 libens
1606 2636 1920 2714 agnoverit
1964 2654 2094 2694 ves-

289 2735 441 2811 tigia
480 2734 761 2811 quaedam
806 2734 1036 2810 majora
1084 2732 1403 2804 humanis;
1448 2741 1756 2812 postremo
1797 2755 1919 2793 non
1965 2736 2094 2794 81110

292 2835 394 2913 pia
425 2834 832 2912 prudentique
853 2834 1217 2892 verecundia
1235 2853 1330 2893 res
1360 2836 1698 2912 praesertim
1722 2855 1916 2894 sacras
1934 2843 2027 2893 tra
2049 2855 2074 2880 -·

290 2934 511 2992 taverit
538 2954 550 2990 :
599 2933 743 3010 quid
775 2938 982 3002 restat,
1011 2933 1125 2991 11181
1157 2940 1226 2991 ut
1257 2953 1564 2992 summum
1586 2933 1842 2992 Poetam
1872 2934 1993 2993 laeti
2024 2954 2093 2992 ac

293 3033 573 3091 lubentes
610 3051 822 3089 eorum
863 3051 1117 3090 numero
1160 3032 1586 3102 adscribamus,
1621 3034 1724 3110 qui
1756 3053 1832 3091 ex
1873 3033 2092 3102 anim0,

291 3152 415 3191 non
464 3132 665 3209 specie
718 3130 861 3200 sola,
916 3132 1229 3208 pietatem,
1289 3131 1531 3208 qualem
1579 3133 1877 3203 noverint,
1938 3133 2096 3190 tueri

293 3232 529 3290 velint?
581 3230 672 3289 Ea
713 3251 855 3290 vero
899 3251 995 3290 res
1027 3232 1236 3309 quanti
1279 3232 1462 3290 fuerit
1507 3233 1690 3291 etiam
1723 3233 1798 3291 ad
1831 3233 2094 3291 divinam

292 3331 466 3400 hanc,
513 3350 632 3408 qua
689 3350 799 3389 nos
856 3330 1038 3390 hodie
1090 3331 1361 3400 fruimur,
1416 3332 1814 3410 disciplinam,
1867 3332 1985 3391 alio
2034 3339 2097 3390 et

294 3432 514 3491 ultimo
546 3450 846 3501 sermone,
881 3438 949 3489 ut
979 3438 1210 3508 poterO,
1242 3431 1581 3509 expediam.

1030 3577 1054 3608 b
1076 3577 1192 3622 AEn.
1216 3576 1259 3621 6.
1283 3588 1356 3635 51.
