2288 4036
195 272 352 305 PRAEL.
367 240 552 304 XXXIX.
621 252 810 304 Caelum
835 260 880 304 et
903 260 1065 305 terras
1090 270 1201 304 cum
1226 253 1401 303 AEowa
1426 253 1622 305 sentire.
1834 256 1939 310 795

197 397 427 473 longius
469 414 593 452 rem
637 396 945 470 repetenti,
979 414 1113 451 cum
1149 396 1244 451 vix
1277 395 1390 452 alia
1419 397 1645 452 ratione
1676 402 1942 456 constare

198 493 379 567 possit
409 493 532 567 ejus
562 492 761 552 ratioy.

435 598 725 642 Provehimur
745 599 901 655 pelago
923 597 1067 641 vicina
1089 597 1308 641 Ceraunia
1322 599 1464 656 juxta,

434 670 569 714 Unde
590 670 670 713 iter
687 670 872 721 Italiam,
896 683 1144 728 cursusque
1165 670 1453 713 brevissimus
1474 669 1608 714 undis
1625 687 1634 716 ε

434 742 514 786 Sol
534 743 623 785 ruit
643 742 821 793 interea,
844 748 886 785 et
907 749 1080 785 montes
1102 741 1368 785 umbrantur
1392 743 1531 798 opaci.

433 813 686 857 Sternimur
701 820 862 870 optatae
884 812 1052 871 gremio
1074 813 1242 856 telluris
1265 813 1321 856 ad
1342 813 1524 865 undam,

436 884 590 931 sortiti
609 899 770 936 remos,
791 884 1044 942 passimque
1065 884 1111 927 in
1131 884 1277 929 littore
1299 884 1415 927 sicco

435 956 633 1013 Corpora
653 969 885 1000 curamus:
920 956 1059 1000 fessos
1083 971 1215 1013 sopor
1235 957 1388 1014 irrigat
1410 964 1547 1001 artus.

433 1028 639 1072 Necdum
662 1029 814 1073 orbem
834 1028 1034 1072 medium
1055 1029 1158 1072 Nox
1182 1028 1303 1072 horis
1325 1035 1421 1073 acta
1443 1030 1647 1081 subibatg

434 1101 572 1144 Haud
594 1102 740 1159 segnis
763 1108 903 1145 strato
925 1102 1068 1158 surgit
1090 1101 1341 1153 Palinurus,
1365 1108 1407 1145 et
1428 1117 1582 1146 omnes

432 1173 644 1231 Explorat
664 1181 834 1226 ventos,
857 1181 988 1232 atque
1010 1173 1197 1217 auribus
1219 1188 1318 1216 aera
1338 1181 1508 1231 captatz

434 1245 586 1290 Sidera
606 1253 767 1290 cuncta
788 1253 911 1290 notat
931 1246 1063 1289 tacito
1083 1246 1276 1293 labentia
1298 1247 1421 1298 caelo,

430 1318 689 1370 Arcturum,
711 1318 972 1376 pluviasque
995 1317 1193 1376 Hyadas,
1215 1318 1505 1376 geminosque
1525 1319 1726 1370 Triones,

430 1390 754 1449 Armatumque
776 1405 883 1434 auro
905 1390 1202 1447 circumspicit
1225 1389 1406 1433 Oriona.

432 1463 674 1521 Postquam
695 1470 856 1507 cuncta
875 1463 995 1506 videt
1017 1463 1125 1506 caelo
1147 1468 1349 1505 constare
1371 1477 1542 1513 sereno,

433 1535 523 1579 Dat
544 1537 711 1579 clarum
733 1551 756 1579 e
776 1536 916 1593 puppi
937 1535 1117 1592 signum
1133 1553 1146 1586 3
1179 1549 1263 1578 nos
1285 1541 1427 1578 castra
1446 1549 1694 1587 movemus,
1771 1550 1775 1554 ·

430 1607 763 1665 Tentamusque
783 1608 916 1659 viam,
939 1613 981 1650 et
1001 1608 1203 1651 velorum
1223 1606 1463 1663 pandimus
1485 1607 1589 1651 alas.

429 1680 621 1738 Jamque
641 1679 901 1724 rubescebat
923 1679 1059 1722 stellis
1080 1678 1255 1722 Aurora
1275 1679 1455 1736 fugatis,

429 1752 548 1800 Cum
568 1754 723 1810 procul
743 1752 958 1802 obscuros
980 1752 1128 1806 colles,
1149 1751 1452 1816 humilemque
1473 1751 1676 1797 videmus

432 1824 618 1871 Italiam.

278 1912 370 1969 En
432 1913 595 1971 vobis
652 1914 765 1971 iter
822 1920 1198 1982 nocturnum,
1256 1933 1375 1971 non
1433 1914 1573 1982 sola,
1632 1916 1692 1971 ni
1752 1915 1939 1981 fallor,

193 2010 636 2084 tranquillitate,
669 2012 770 2068 sed
811 2012 992 2074 etiam
1027 2007 1337 2086 majestate
1377 2011 1630 2086 quadam
1674 2012 1939 2088 insigne:

192 2107 349 2185 quali
397 2107 640 2168 fortasse
688 2108 898 2164 deduci
941 2108 1139 2167 decuit
1183 2109 1256 2165 ad
1300 2126 1431 2165 suas
1472 2108 1638 2165 sedes
1682 2127 1813 2164 eam
1846 2127 1942 2164 co-

192 2202 427 2270 loniam,
475 2205 567 2268 cui
620 2205 755 2261 fatis
803 2204 1119 2261 deberetur
1163 2205 1347 2261 totius
1395 2204 1550 2261 orbis
1608 2204 1939 2279 imperium.

193 2297 467 2361 Profecto
511 2318 628 2354 non
667 2299 822 2355 male
863 2299 1252 2357 conveniebat
1299 2319 1435 2356 cum
1481 2300 1607 2357 istis
1648 2300 1941 2357 ominibus

192 2394 374 2451 Orion
448 2394 550 2451 ille
619 2403 876 2457 armatus
940 2390 1100 2463 aum,
1167 2397 1541 2471 siderumque
1599 2403 1941 2472 prospectus

190 2491 372 2547 tacito
403 2491 543 2549 caelo
587 2491 932 2557 labentium,
965 2493 1063 2566 qui
1101 2493 1346 2568 augurio
1390 2492 1466 2549 sit
1510 2492 1783 2549 omnibus
1824 2500 1939 2550 sta-

189 2586 323 2643 bilis
353 2595 414 2643 et
444 2588 702 2643 immotae
736 2586 1018 2644 Fatorum
1050 2589 1123 2644 de
1155 2589 1300 2645 urbe
1333 2588 1602 2645 Romana
1631 2589 1796 2664 legis.

275 2683 549 2740 Poteram
592 2690 653 2740 et
692 2682 793 2740 illa
830 2683 1035 2745 afferre
1080 2684 1353 2751 carmina,
1399 2703 1532 2759 quae
1576 2685 1835 2760 primum
1880 2686 1942 2743 in

189 2780 314 2857 ipso
357 2779 529 2836 Latio
577 2779 868 2836 collocant
914 2779 1182 2847 AEneam,
1224 2781 1436 2836 deinde
1479 2780 1553 2836 ad
1600 2780 1940 2837 Evandrum

191 2876 506 2942 deducunt,
559 2894 695 2931 cum
746 2895 961 2951 magno
1018 2875 1209 2952 pelagi
1263 2895 1497 2951 quoque
1556 2884 1617 2933 et
1675 2876 1936 2946 litorum,

188 2971 371 3028 immo
415 2971 597 3041 fluvii,
642 2972 913 3038 nemoris,
946 2991 1234 3040 aurarum,
1277 2972 1473 3029 avium
1519 2973 1733 3035 favore,
1819 2973 1941 3031 Mi-

189 3068 287 3135 tia,
319 3067 474 3134 laeta,
511 3064 741 3131 amoena
776 3068 992 3135 omnia,
1032 3067 1115 3123 illi
1163 3068 1294 3125 loco
1326 3068 1590 3144 Scriptor
1631 3069 1935 3128 adhibuit:

188 3182 307 3219 non
337 3164 462 3220 sine
491 3163 752 3231 consiliO,
784 3171 853 3226 ut
882 3163 1028 3226 mihi
1061 3163 1301 3242 quidem
1334 3164 1583 3220 videtur.
1653 3163 1749 3221 Ac
1778 3184 1942 3242 mag-

187 3260 265 3327 ni,
295 3260 442 3316 mihi
471 3261 712 3328 credite,
742 3259 1047 3319 habendus
1088 3266 1198 3329 est,
1230 3266 1356 3316 tam
1391 3260 1453 3316 in
1482 3261 1644 3335 poesi
1675 3280 1851 3335 quam
1881 3262 1943 3318 in

188 3355 436 3430 pictura,
455 3355 556 3413 ille
578 3357 738 3432 quasi
773 3374 1088 3413 consensus
1118 3354 1260 3423 caeli,
1281 3357 1473 3423 maris,
1495 3363 1947 3425 terrarum,om-

188 3452 353 3516 nium
383 3453 635 3528 denique
665 3471 797 3527 quae
826 3453 888 3508 in
919 3458 1223 3527 aspectum
1256 3453 1495 3521 cadunt,
1526 3472 1663 3513 cum
1693 3452 1943 3511 fortunis

880 3599 902 3629 y
935 3591 1048 3641 AEn.
1072 3605 1114 3647 3.
1138 3590 1241 3645 506,
