2288 4036
203 299 355 332 P'RAEL.
379 297 540 330 XXXV.
592 278 939 347 Auyuriorum
963 283 1241 327 nostrorum
1267 275 1327 326 de
1347 273 1585 325 Lucretio
1611 273 1703 323 vis.
1852 271 1959 328 697

210 421 368 479 omni
398 421 623 477 ratione
653 419 958 485 amentiae3
1000 437 1127 492 quae
1157 418 1230 473 sit
1256 417 1340 472 vis
1371 416 1496 490 ejus
1524 416 1582 470 in
1615 434 1678 470 re
1709 416 1956 489 poetica,

206 517 532 591 quibusque
563 534 633 571 ea
660 515 919 571 maxime
950 514 1222 571 remediis
1247 520 1307 568 et
1334 511 1740 568 allevamentis
1771 510 1956 566 soleat

205 612 478 668 acerbum
512 612 598 667 sui
631 629 863 666 sensum
895 610 1183 684 mitigare.
1239 608 1511 681 Denique
1536 608 1595 662 in
1620 626 1750 663 eam
1779 625 1957 681 prope

206 708 633 764 dubitationem
665 707 990 771 incidimus,
1023 725 1095 762 an
1128 706 1393 778 quaedam
1423 704 1576 779 apud
1611 703 1954 759 Lucretium

204 802 516 858 tribuenda
556 811 750 857 essent
794 801 1080 875 potentiae
1126 799 1434 874 plusquam
1475 799 1778 855 humanae:
1828 818 1957 873 quae

203 900 315 954 fuit
362 898 501 953 olim
542 897 757 972 opinio,
801 904 926 952 tum
975 897 1048 953 de
1093 896 1328 962 insanis,
1367 897 1412 951 si
1446 895 1584 970 quid
1618 895 1711 951 via
1755 914 1821 951 ac
1866 913 1955 950 ra-

204 994 366 1049 tione
398 992 569 1049 solito
600 992 919 1067 perfectius
958 992 1469 1067 excogitavissent,
1505 998 1629 1046 tum
1671 990 1850 1046 etiam
1884 990 1958 1046 de

207 1089 591 1146 Ethnicarum
631 1089 934 1145 literarum
971 1095 1031 1145 et
1071 1088 1264 1163 impiae
1310 1086 1689 1162 philosophiae
1719 1085 1958 1142 cultori-

204 1186 329 1242 bus.
417 1185 682 1242 Credidit
714 1185 902 1259 prisca
932 1192 1088 1252 aetaS,
1122 1185 1355 1258 utrique
1385 1184 1586 1258 generi
1616 1183 1805 1238 inesse
1838 1182 1956 1237 vim

204 1282 457 1356 aliquam
504 1301 793 1348 arcanam,
834 1283 956 1338 sive
994 1283 1067 1338 de
1100 1280 1339 1355 Superis
1376 1299 1445 1336 ea
1477 1281 1718 1344 venerit,
1750 1297 1851 1334 seu
1884 1279 1959 1334 de

139 1434 141 1436 ,
204 1377 430 1434 Inferis
518 1378 822 1452 Concepta
857 1397 995 1433 vero
1041 1376 1222 1433 semel
1269 1395 1338 1433 ea
1391 1375 1701 1440 sententia,
1746 1375 1959 1431 videtis

203 1475 424 1548 utique,
469 1476 682 1530 mutari
729 1475 885 1530 ultro
931 1493 998 1529 ac
1050 1473 1220 1529 leniri
1273 1492 1476 1529 eorum
1516 1471 1826 1545 judicium,
1858 1471 1958 1544 qui

202 1571 342 1628 alias
399 1571 761 1637 Lucretium,
806 1570 1046 1645 pietatis
1097 1587 1286 1635 causa,
1342 1587 1417 1624 ne
1468 1567 1785 1643 legendum
1832 1567 1960 1640 qui-

203 1666 338 1722 dem
371 1667 797 1722 existimarent.
877 1663 1035 1722 Nam
1066 1665 1180 1723 alia
1209 1665 1404 1742 longe,
1436 1666 1658 1740 opinor,
1689 1674 1779 1720 est
1809 1664 1959 1719 ratio

202 1764 461 1836 procacis
506 1769 566 1819 et
612 1764 806 1837 impiae
857 1762 1196 1819 mortalium
1245 1762 1478 1837 linguae,
1519 1760 1810 1835 quidlibet
1853 1779 1959 1834 pro

203 1867 469 1933 tempore
509 1860 927 1935 garrientium;
973 1859 1087 1915 alia
1116 1859 1355 1934 benigni
1389 1857 1686 1923 Numinis,
1712 1857 1960 1912 obscure

202 1956 488 2012 tradentis
519 1956 805 2030 optimam
838 1956 978 2012 vitae
1012 1956 1182 2022 viam,
1214 1973 1359 2010 voce
1389 1953 1483 2010 vel
1518 1953 1834 2009 insciorum
1866 1951 1958 2009 vel

203 2052 383 2107 etiam
414 2052 804 2107 inimicorum.

299 2147 460 2204 Nolo
510 2154 712 2203 autem
767 2147 1070 2204 existimet
1128 2146 1354 2222 aliquis,
1406 2147 1665 2222 pendere
1723 2145 1962 2220 penitus

204 2250 463 2299 nostram
496 2244 568 2299 de
601 2242 881 2299 Lucretio
913 2243 1268 2299 sententiam
1310 2262 1386 2299 ex
1422 2241 1759 2316 hujusmodi
1791 2260 1963 2317 argu-

203 2341 435 2397 mentis.
533 2340 941 2396 Concedamus
993 2340 1195 2414 inepta
1238 2339 1417 2395 fuisse
1462 2346 1524 2394 et
1575 2338 1786 2402 inania,
1833 2357 1962 2411 quae

206 2454 311 2492 nos
342 2436 679 2510 conjectura
708 2454 908 2491 sumus
945 2437 1213 2511 augurati
1248 2434 1340 2490 vel
1373 2436 1446 2490 de
1482 2433 1753 2498 alienata,
1784 2451 1961 2507 quam

206 2532 535 2606 perhibent,
566 2539 768 2588 mente
801 2531 1132 2606 Scriptoris,
1164 2531 1258 2587 vel
1290 2538 1450 2588 certe
1491 2530 1565 2586 de
1610 2530 1792 2586 tacita
1820 2548 1963 2603 qua-

208 2629 343 2685 dam
401 2629 502 2685 sed
557 2629 754 2684 divina
805 2629 878 2694 vi,
931 2627 1191 2684 oracula
1224 2647 1328 2684 sua
1377 2627 1680 2682 fundentis
1733 2645 1807 2681 ex
1862 2644 1963 2681 ore

208 2723 552 2778 amentium.
651 2721 838 2778 Missa
883 2722 1164 2778 faciamus
1215 2722 1338 2779 haec
1384 2729 1654 2796 utraque,
1700 2722 1963 2777 manebit

210 2824 409 2874 tamen
450 2818 776 2874 carminum
819 2817 1078 2873 indoles:
1123 2817 1297 2892 plane
1329 2820 1480 2875 sicut
1510 2819 1570 2873 in
1600 2837 1670 2873 ea
1709 2816 1964 2891 philoso-

210 2914 366 2988 phiae
396 2920 578 2988 parte,
610 2933 739 2988 quae
769 2915 1027 2988 pertinet
1057 2914 1130 2969 ad
1160 2922 1357 2971 motus
1394 2914 1668 2980 siderum,
1701 2914 1822 2969 sive
1852 2913 1963 2969 hac

209 3011 390 3066 utaris
421 3012 542 3066 sive
571 3010 673 3066 illa
712 3011 958 3076 ratione,
991 3011 1146 3084 quod
1177 3011 1250 3074 ad
1281 3011 1398 3065 vim
1431 3029 1634 3066 eorum
1676 3009 1962 3065 latentem

211 3124 526 3180 causasque
575 3107 808 3172 attinet,
861 3125 963 3162 seu
1016 3106 1270 3179 denique
1326 3125 1508 3180 ponas
1558 3107 1619 3161 in
1671 3106 1849 3174 dubio
1902 3114 1996 3161 et·

209 3200 454 3266 incert0,
484 3219 600 3274 quo
633 3220 794 3255 more
825 3200 975 3255 solet
1014 3200 1272 3256 maxima
1301 3219 1432 3274 pars
1462 3201 1804 3267 hominum3
1845 3220 1962 3256 non

211 3302 408 3350 tamen
469 3296 684 3351 idcirco
744 3296 1072 3370 putandum
1126 3302 1230 3361 est,
1281 3315 1478 3352 carere
1537 3305 1598 3352 te
1658 3297 1818 3352 omni
1877 3298 1961 3352 in-

212 3390 542 3465 telligentia
585 3391 1036 3466 pulchritudinis
1080 3391 1253 3465 hujus
1298 3393 1602 3459 universae,
1656 3402 1717 3448 et
1769 3396 1960 3449 arcani

213 3505 407 3541 rerum
458 3487 813 3543 naturalium
866 3505 1085 3543 sensus,
1185 3486 1363 3544 Haud
1416 3489 1529 3544 alia
1581 3490 1824 3545 fortasse
1876 3509 1964 3544 ra-

211 3581 372 3644 tione
403 3582 527 3637 fieri
560 3584 795 3660 poterit,
828 3590 894 3638 ut
926 3583 1024 3656 qui
1057 3582 1145 3638 vel
1180 3584 1334 3657 apud
1371 3584 1713 3641 Lucretium
1747 3586 1964 3660 signifi-
