<?xml version="1.0" encoding="UTF-8"?>
<!DOCTYPE html PUBLIC "-//W3C//DTD XHTML 1.0 Transitional//EN"
    "http://www.w3.org/TR/xhtml1/DTD/xhtml1-transitional.dtd">
<html xmlns="http://www.w3.org/1999/xhtml" xml:lang="en" lang="en">
 <head>
  <title>
</title>
<meta http-equiv="Content-Type" content="text/html;charset=utf-8" />
  <meta name='ocr-system' content='tesseract 3.04.00' />
  <meta name='ocr-capabilities' content='ocr_page ocr_carea ocr_par ocr_line ocrx_word'/>
</head>
<body>
  <div class='ocr_page' id='page_1' title='image "./a588873902kebluoft_0151.png"; bbox 0 0 2288 4036; ppageno 0'>
   <div class='ocr_carea' id='block_1_1' title="bbox 126 199 1973 263">
    <p class='ocr_par' dir='ltr' id='par_1_1' title="bbox 126 199 1973 263">
     <span class='ocr_line' id='line_1_1' title="bbox 126 199 1973 263; baseline -0.007 0"><span class='ocrx_word' id='word_1_1' title='bbox 126 226 454 263; x_wconf 14' lang='lat' dir='ltr'>VPRAELAEXVI.</span> <span class='ocrx_word' id='word_1_2' title='bbox 623 208 707 260; x_wconf 81' lang='lat' dir='ltr'>De</span> <span class='ocrx_word' id='word_1_3' title='bbox 730 207 928 259; x_wconf 71' lang='lat' dir='ltr'>ratione</span> <span class='ocrx_word' id='word_1_4' title='bbox 949 205 1078 258; x_wconf 67' lang='lat' dir='ltr'>sexti</span> <span class='ocrx_word' id='word_1_5' title='bbox 1103 203 1449 257; x_wconf 75' lang='lat' dir='ltr'><em>Isthmiorum.</em></span> <span class='ocrx_word' id='word_1_6' title='bbox 1780 202 1888 257; x_wconf 72' lang='lat'>529</span> <span class='ocrx_word' id='word_1_7' title='bbox 1968 199 1973 204; x_wconf 81' lang='grc'>’</span> 
     </span>
    </p>
   </div>
   <div class='ocr_carea' id='block_1_2' title="bbox 127 344 1888 2260">
    <p class='ocr_par' dir='ltr' id='par_1_2' title="bbox 127 344 1888 1199">
     <span class='ocr_line' id='line_1_2' title="bbox 140 344 1888 428; baseline -0.005 -18"><span class='ocrx_word' id='word_1_8' title='bbox 140 371 314 428; x_wconf 89' lang='lat' dir='ltr'>quam</span> <span class='ocrx_word' id='word_1_9' title='bbox 346 351 435 408; x_wconf 88' lang='lat' dir='ltr'>sui</span> <span class='ocrx_word' id='word_1_10' title='bbox 470 350 667 426; x_wconf 88' lang='lat' dir='ltr'>ipsius.</span> <span class='ocrx_word' id='word_1_11' title='bbox 754 349 978 406; x_wconf 80' lang='lat' dir='ltr'>Cavete</span> <span class='ocrx_word' id='word_1_12' title='bbox 1007 356 1204 405; x_wconf 85' lang='lat' dir='ltr'>autem</span> <span class='ocrx_word' id='word_1_13' title='bbox 1238 347 1460 423; x_wconf 87' lang='lat' dir='ltr'>putetis</span> <span class='ocrx_word' id='word_1_14' title='bbox 1489 344 1748 422; x_wconf 76' lang='lat' dir='ltr'>praeclari</span> <span class='ocrx_word' id='word_1_15' title='bbox 1777 345 1888 402; x_wconf 94' lang='lat' dir='ltr'>hu-</span> 
     </span>
     <span class='ocr_line' id='line_1_3' title="bbox 127 447 1886 524; baseline -0.005 -18"><span class='ocrx_word' id='word_1_16' title='bbox 127 450 228 524; x_wconf 91' lang='lat' dir='ltr'>jus</span> <span class='ocrx_word' id='word_1_17' title='bbox 284 447 509 505; x_wconf 90' lang='lat' dir='ltr'>consilii</span> <span class='ocrx_word' id='word_1_18' title='bbox 560 448 680 503; x_wconf 90' lang='lat' dir='ltr'>vim</span> <span class='ocrx_word' id='word_1_19' title='bbox 738 453 800 503; x_wconf 88' lang='lat' dir='ltr'>et</span> <span class='ocrx_word' id='word_1_20' title='bbox 848 452 1221 502; x_wconf 80' lang='lat' dir='ltr'>venustatem</span> <span class='ocrx_word' id='word_1_21' title='bbox 1279 451 1441 501; x_wconf 89' lang='lat' dir='ltr'>recte</span> <span class='ocrx_word' id='word_1_22' title='bbox 1498 463 1533 500; x_wconf 91' lang='lat' dir='ltr'>a</span> <span class='ocrx_word' id='word_1_23' title='bbox 1589 462 1886 518; x_wconf 90' lang='lat' dir='ltr'>quoquam</span> 
     </span>
     <span class='ocr_line' id='line_1_4' title="bbox 137 539 1885 619; baseline -0.003 -18"><span class='ocrx_word' id='word_1_24' title='bbox 137 545 409 602; x_wconf 87' lang='lat' dir='ltr'>aestimari</span> <span class='ocrx_word' id='word_1_25' title='bbox 451 562 620 619; x_wconf 88' lang='lat' dir='ltr'>posse</span> <span class='ocrx_word' id='word_1_26' title='bbox 664 562 738 600; x_wconf 83' lang='lat' dir='ltr'>ex</span> <span class='ocrx_word' id='word_1_27' title='bbox 783 562 900 599; x_wconf 90' lang='lat' dir='ltr'>una</span> <span class='ocrx_word' id='word_1_28' title='bbox 943 550 1121 617; x_wconf 91' lang='lat' dir='ltr'>atque</span> <span class='ocrx_word' id='word_1_29' title='bbox 1162 541 1349 599; x_wconf 90' lang='lat' dir='ltr'>altera</span> <span class='ocrx_word' id='word_1_30' title='bbox 1383 539 1704 617; x_wconf 84' lang='lat' dir='ltr'>particula3</span> <span class='ocrx_word' id='word_1_31' title='bbox 1755 559 1885 615; x_wconf 92' lang='lat' dir='ltr'>per-</span> 
     </span>
     <span class='ocr_line' id='line_1_5' title="bbox 140 636 1885 717; baseline -0.003 -19"><span class='ocrx_word' id='word_1_32' title='bbox 140 641 338 717; x_wconf 88' lang='lat' dir='ltr'>legant</span> <span class='ocrx_word' id='word_1_33' title='bbox 367 659 604 697; x_wconf 87' lang='lat' dir='ltr'>necesse</span> <span class='ocrx_word' id='word_1_34' title='bbox 634 646 741 705; x_wconf 86' lang='lat' dir='ltr'>est,</span> <span class='ocrx_word' id='word_1_35' title='bbox 772 641 871 714; x_wconf 93' lang='lat' dir='ltr'>qui</span> <span class='ocrx_word' id='word_1_36' title='bbox 904 647 1064 696; x_wconf 91' lang='lat' dir='ltr'>recte</span> <span class='ocrx_word' id='word_1_37' title='bbox 1096 639 1282 695; x_wconf 86' lang='lat' dir='ltr'>velint</span> <span class='ocrx_word' id='word_1_38' title='bbox 1300 639 1589 714; x_wconf 87' lang='lat' dir='ltr'>judicare.</span> <span class='ocrx_word' id='word_1_39' title='bbox 1652 636 1885 695; x_wconf 90' lang='lat' dir='ltr'>Verum</span> 
     </span>
     <span class='ocr_line' id='line_1_6' title="bbox 137 733 1886 813; baseline -0.003 -19"><span class='ocrx_word' id='word_1_40' title='bbox 137 739 318 794; x_wconf 91' lang='lat' dir='ltr'>etiam</span> <span class='ocrx_word' id='word_1_41' title='bbox 360 738 473 794; x_wconf 86' lang='lat' dir='ltr'>ista</span> <span class='ocrx_word' id='word_1_42' title='bbox 515 737 624 793; x_wconf 89' lang='lat' dir='ltr'>sub</span> <span class='ocrx_word' id='word_1_43' title='bbox 669 736 819 813; x_wconf 85' lang='lat' dir='ltr'>lege,</span> <span class='ocrx_word' id='word_1_44' title='bbox 850 736 1224 793; x_wconf 89' lang='lat' dir='ltr'>incommoda</span> <span class='ocrx_word' id='word_1_45' title='bbox 1261 755 1416 802; x_wconf 89' lang='lat' dir='ltr'>sane,</span> <span class='ocrx_word' id='word_1_46' title='bbox 1453 734 1697 791; x_wconf 90' lang='lat' dir='ltr'>minime</span> <span class='ocrx_word' id='word_1_47' title='bbox 1735 733 1886 790; x_wconf 87' lang='lat' dir='ltr'>latet</span> 
     </span>
     <span class='ocr_line' id='line_1_7' title="bbox 135 828 1882 910; baseline -0.002 -19"><span class='ocrx_word' id='word_1_48' title='bbox 135 834 388 891; x_wconf 88' lang='lat' dir='ltr'>hominis</span> <span class='ocrx_word' id='word_1_49' title='bbox 432 851 570 910; x_wconf 89' lang='lat' dir='ltr'>erga</span> <span class='ocrx_word' id='word_1_50' title='bbox 611 834 863 909; x_wconf 87' lang='lat' dir='ltr'>patriam</span> <span class='ocrx_word' id='word_1_51' title='bbox 907 834 1020 908; x_wconf 89' lang='lat' dir='ltr'>pia,</span> <span class='ocrx_word' id='word_1_52' title='bbox 1065 828 1338 909; x_wconf 87' lang='lat' dir='ltr'>benigna,</span> <span class='ocrx_word' id='word_1_53' title='bbox 1379 829 1637 889; x_wconf 85' lang='lat' dir='ltr'>officiosa</span> <span class='ocrx_word' id='word_1_54' title='bbox 1679 848 1882 888; x_wconf 81' lang='lat' dir='ltr'>mens:</span> 
     </span>
     <span class='ocr_line' id='line_1_8' title="bbox 136 929 1886 1006; baseline -0.001 -20"><span class='ocrx_word' id='word_1_55' title='bbox 136 931 236 1006; x_wconf 88' lang='lat' dir='ltr'>qui</span> <span class='ocrx_word' id='word_1_56' title='bbox 275 931 530 1005; x_wconf 89' lang='lat' dir='ltr'>primum</span> <span class='ocrx_word' id='word_1_57' title='bbox 575 931 650 987; x_wconf 90' lang='lat' dir='ltr'>ab</span> <span class='ocrx_word' id='word_1_58' title='bbox 695 930 764 987; x_wconf 89' lang='lat' dir='ltr'>iis</span> <span class='ocrx_word' id='word_1_59' title='bbox 798 949 927 1004; x_wconf 86' lang='lat' dir='ltr'>quae</span> <span class='ocrx_word' id='word_1_60' title='bbox 957 929 1224 1005; x_wconf 91' lang='lat' dir='ltr'>quotidie</span> <span class='ocrx_word' id='word_1_61' title='bbox 1263 929 1673 997; x_wconf 86' lang='lat' dir='ltr'>imminebant,</span> <span class='ocrx_word' id='word_1_62' title='bbox 1702 929 1886 986; x_wconf 84' lang='lat' dir='ltr'>tacite</span> 
     </span>
     <span class='ocr_line' id='line_1_9' title="bbox 134 1025 1885 1104; baseline -0.002 -21"><span class='ocrx_word' id='word_1_63' title='bbox 134 1035 370 1084; x_wconf 84' lang='lat' dir='ltr'>revocat</span> <span class='ocrx_word' id='word_1_64' title='bbox 399 1027 624 1084; x_wconf 91' lang='lat' dir='ltr'>animos</span> <span class='ocrx_word' id='word_1_65' title='bbox 662 1028 723 1084; x_wconf 89' lang='lat' dir='ltr'>in</span> <span class='ocrx_word' id='word_1_66' title='bbox 758 1026 1007 1104; x_wconf 85' lang='lat' dir='ltr'>gloriam</span> <span class='ocrx_word' id='word_1_67' title='bbox 1038 1033 1099 1083; x_wconf 93' lang='lat' dir='ltr'>et</span> <span class='ocrx_word' id='word_1_68' title='bbox 1128 1026 1190 1082; x_wconf 90' lang='lat' dir='ltr'>in</span> <span class='ocrx_word' id='word_1_69' title='bbox 1221 1027 1574 1103; x_wconf 89' lang='lat' dir='ltr'>dignitatem</span> <span class='ocrx_word' id='word_1_70' title='bbox 1604 1025 1885 1102; x_wconf 76' lang='lat' dir='ltr'>praeteriti</span> 
     </span>
     <span class='ocr_line' id='line_1_10' title="bbox 134 1124 485 1199; baseline 0 -19"><span class='ocrx_word' id='word_1_71' title='bbox 134 1124 415 1199; x_wconf 87' lang='lat' dir='ltr'>temporis</span> <span class='ocrx_word' id='word_1_72' title='bbox 435 1131 453 1157; x_wconf 71' lang='lat' dir='ltr'>S</span> <span class='ocrx_word' id='word_1_73' title='bbox 473 1143 485 1180; x_wconf 73' lang='grc' dir='ltr'><em>τ</em></span> 
     </span>
    </p>

    <p class='ocr_par' dir='ltr' id='par_1_3' title="bbox 484 1232 1263 1296">
     <span class='ocr_line' id='line_1_11' title="bbox 484 1232 1263 1296; baseline 0.001 -15"><span class='ocrx_word' id='word_1_74' title='bbox 484 1237 565 1282; x_wconf 83' lang='grc' dir='ltr'>τίνι</span> <span class='ocrx_word' id='word_1_75' title='bbox 586 1242 670 1282; x_wconf 82' lang='grc' dir='ltr'>τῶν</span> <span class='ocrx_word' id='word_1_76' title='bbox 690 1239 842 1296; x_wconf 87' lang='grc' dir='ltr'>πάρος,</span> <span class='ocrx_word' id='word_1_77' title='bbox 864 1233 897 1282; x_wconf 75' lang='grc' dir='ltr'><em>ὦ</em></span> <span class='ocrx_word' id='word_1_78' title='bbox 916 1239 1102 1296; x_wconf 89' lang='grc' dir='ltr'>μάκαιρα</span> <span class='ocrx_word' id='word_1_79' title='bbox 1123 1232 1263 1294; x_wconf 83' lang='grc' dir='ltr'>Θήβα,-</span> 
     </span>
    </p>

    <p class='ocr_par' dir='ltr' id='par_1_4' title="bbox 484 1310 1375 1368">
     <span class='ocr_line' id='line_1_12' title="bbox 484 1310 1375 1368; baseline 0.001 -16"><span class='ocrx_word' id='word_1_80' title='bbox 484 1311 626 1354; x_wconf 84' lang='grc' dir='ltr'>καλῶν</span> <span class='ocrx_word' id='word_1_81' title='bbox 648 1310 888 1368; x_wconf 84' lang='grc' dir='ltr'>ἐπιχωρίων</span> <span class='ocrx_word' id='word_1_82' title='bbox 907 1311 1102 1368; x_wconf 85' lang='grc' dir='ltr'>μάλιστα</span> <span class='ocrx_word' id='word_1_83' title='bbox 1122 1310 1256 1366; x_wconf 86' lang='grc' dir='ltr'>θυμὸν</span> <span class='ocrx_word' id='word_1_84' title='bbox 1276 1311 1375 1354; x_wconf 78' lang='grc' dir='ltr'>τεᾶν</span> 
     </span>
    </p>

    <p class='ocr_par' dir='ltr' id='par_1_5' title="bbox 131 1383 1887 1945">
     <span class='ocr_line' id='line_1_13' title="bbox 486 1383 732 1440; baseline 0.008 -15"><span class='ocrx_word' id='word_1_85' title='bbox 486 1383 702 1440; x_wconf 82' lang='grc' dir='ltr'>εὔφρανας</span> <span class='ocrx_word' id='word_1_86' title='bbox 717 1400 732 1434; x_wconf 79' lang='lat'><em>3</em></span> 
     </span>
     <span class='ocr_line' id='line_1_14' title="bbox 132 1476 1886 1560; baseline -0.001 -19"><span class='ocrx_word' id='word_1_87' title='bbox 132 1484 365 1541; x_wconf 89' lang='lat' dir='ltr'>Deinde</span> <span class='ocrx_word' id='word_1_88' title='bbox 406 1484 674 1559; x_wconf 83' lang='lat' dir='ltr'>percellit</span> <span class='ocrx_word' id='word_1_89' title='bbox 705 1484 1140 1560; x_wconf 89' lang='lat' dir='ltr'>quodammodo</span> <span class='ocrx_word' id='word_1_90' title='bbox 1172 1483 1374 1540; x_wconf 91' lang='lat' dir='ltr'>oculos</span> <span class='ocrx_word' id='word_1_91' title='bbox 1404 1476 1581 1559; x_wconf 90' lang='lat' dir='ltr'>longo</span> <span class='ocrx_word' id='word_1_92' title='bbox 1612 1481 1886 1558; x_wconf 89' lang='lat' dir='ltr'>claroque</span> 
     </span>
     <span class='ocr_line' id='line_1_15' title="bbox 133 1579 1886 1657; baseline 0 -21"><span class='ocrx_word' id='word_1_93' title='bbox 133 1580 377 1637; x_wconf 88' lang='lat' dir='ltr'>heroum</span> <span class='ocrx_word' id='word_1_94' title='bbox 409 1582 628 1647; x_wconf 88' lang='lat' dir='ltr'>ordine,</span> <span class='ocrx_word' id='word_1_95' title='bbox 661 1600 806 1656; x_wconf 90' lang='lat' dir='ltr'>quos</span> <span class='ocrx_word' id='word_1_96' title='bbox 837 1581 1021 1638; x_wconf 90' lang='lat' dir='ltr'>alium</span> <span class='ocrx_word' id='word_1_97' title='bbox 1051 1598 1226 1656; x_wconf 88' lang='lat' dir='ltr'>super</span> <span class='ocrx_word' id='word_1_98' title='bbox 1269 1579 1385 1637; x_wconf 86' lang='lat' dir='ltr'>alio</span> <span class='ocrx_word' id='word_1_99' title='bbox 1428 1586 1717 1657; x_wconf 83' lang='lat' dir='ltr'>genuerat</span> <span class='ocrx_word' id='word_1_100' title='bbox 1747 1580 1886 1636; x_wconf 87' lang='lat' dir='ltr'>urbs</span> 
     </span>
     <span class='ocr_line' id='line_1_16' title="bbox 131 1676 1887 1754; baseline -0.002 -20"><span class='ocrx_word' id='word_1_101' title='bbox 131 1678 398 1754; x_wconf 81' lang='lat' dir='ltr'>egregia3</span> <span class='ocrx_word' id='word_1_102' title='bbox 444 1677 713 1734; x_wconf 90' lang='lat' dir='ltr'>consulto</span> <span class='ocrx_word' id='word_1_103' title='bbox 754 1685 958 1735; x_wconf 89' lang='lat' dir='ltr'>autem</span> <span class='ocrx_word' id='word_1_104' title='bbox 994 1677 1295 1734; x_wconf 81' lang='lat' dir='ltr'>concludit</span> <span class='ocrx_word' id='word_1_105' title='bbox 1326 1695 1457 1733; x_wconf 91' lang='lat' dir='ltr'>eam</span> <span class='ocrx_word' id='word_1_106' title='bbox 1489 1676 1698 1733; x_wconf 90' lang='lat' dir='ltr'>seriem</span> <span class='ocrx_word' id='word_1_107' title='bbox 1742 1694 1887 1750; x_wconf 86' lang='lat' dir='ltr'>prae-</span> 
     </span>
     <span class='ocr_line' id='line_1_17' title="bbox 131 1771 1884 1848; baseline -0.001 -19"><span class='ocrx_word' id='word_1_108' title='bbox 131 1773 302 1848; x_wconf 90' lang='lat' dir='ltr'>cipua</span> <span class='ocrx_word' id='word_1_109' title='bbox 345 1775 594 1848; x_wconf 89' lang='lat' dir='ltr'>quadam</span> <span class='ocrx_word' id='word_1_110' title='bbox 634 1774 937 1830; x_wconf 87' lang='lat' dir='ltr'>mentione</span> <span class='ocrx_word' id='word_1_111' title='bbox 981 1773 1138 1830; x_wconf 88' lang='lat' dir='ltr'>illius</span> <span class='ocrx_word' id='word_1_112' title='bbox 1182 1773 1480 1830; x_wconf 89' lang='lat' dir='ltr'>societatis</span> <span class='ocrx_word' id='word_1_113' title='bbox 1520 1791 1699 1847; x_wconf 89' lang='lat' dir='ltr'>quam</span> <span class='ocrx_word' id='word_1_114' title='bbox 1742 1771 1884 1828; x_wconf 88' lang='lat' dir='ltr'>olim</span> 
     </span>
     <span class='ocr_line' id='line_1_18' title="bbox 131 1868 1306 1945; baseline -0.001 -19"><span class='ocrx_word' id='word_1_115' title='bbox 131 1888 267 1926; x_wconf 92' lang='lat' dir='ltr'>cum</span> <span class='ocrx_word' id='word_1_116' title='bbox 298 1869 739 1945; x_wconf 88' lang='lat' dir='ltr'>Peloponnesiis</span> <span class='ocrx_word' id='word_1_117' title='bbox 769 1870 1021 1926; x_wconf 88' lang='lat' dir='ltr'>inierant</span> <span class='ocrx_word' id='word_1_118' title='bbox 1053 1868 1306 1925; x_wconf 81' lang='lat' dir='ltr'>Thebae:</span> 
     </span>
    </p>

    <p class='ocr_par' dir='ltr' id='par_1_6' title="bbox 482 1982 1116 2043">
     <span class='ocr_line' id='line_1_19' title="bbox 482 1982 1116 2043; baseline 0 -17"><span class='ocrx_word' id='word_1_119' title='bbox 482 1982 636 2041; x_wconf 84' lang='grc' dir='ltr'>Δωρίδ’</span> <span class='ocrx_word' id='word_1_120' title='bbox 659 1983 855 2027; x_wconf 79' lang='grc' dir='ltr'>ἀποικίαν</span> <span class='ocrx_word' id='word_1_121' title='bbox 875 1982 979 2026; x_wconf 82' lang='grc' dir='ltr'>ἅνικ’</span> <span class='ocrx_word' id='word_1_122' title='bbox 1002 1983 1116 2043; x_wconf 73' lang='grc' dir='ltr'>ὀρθῷ</span> 
     </span>
    </p>

    <p class='ocr_par' dir='ltr' id='par_1_7' title="bbox 482 2055 1155 2123">
     <span class='ocr_line' id='line_1_20' title="bbox 482 2055 1155 2123; baseline 0.001 -25"><span class='ocrx_word' id='word_1_123' title='bbox 482 2056 676 2101; x_wconf 81' lang='grc' dir='ltr'>ἔστασας</span> <span class='ocrx_word' id='word_1_124' title='bbox 696 2055 767 2099; x_wconf 83' lang='grc' dir='ltr'>ε’πὶ</span> <span class='ocrx_word' id='word_1_125' title='bbox 788 2057 948 2115; x_wconf 79' lang='grc' dir='ltr'>σφυρῷ</span> <span class='ocrx_word' id='word_1_126' title='bbox 1152 2120 1155 2123; x_wconf 68' lang='lat'>,</span> 
     </span>
    </p>

    <p class='ocr_par' dir='ltr' id='par_1_8' title="bbox 483 2126 1264 2185">
     <span class='ocr_line' id='line_1_21' title="bbox 483 2126 1264 2185; baseline 0.004 -15"><span class='ocrx_word' id='word_1_127' title='bbox 483 2127 837 2184; x_wconf 80' lang='grc' dir='ltr'>Λακεδαιμονίων,</span> <span class='ocrx_word' id='word_1_128' title='bbox 860 2127 967 2171; x_wconf 81' lang='grc' dir='ltr'>ἕλον</span> <span class='ocrx_word' id='word_1_129' title='bbox 988 2127 1024 2171; x_wconf 83' lang='grc' dir='ltr'>δ’</span> <span class='ocrx_word' id='word_1_130' title='bbox 1046 2126 1264 2185; x_wconf 79' lang='grc' dir='ltr'>Ἀμύκλας</span> 
     </span>
    </p>

    <p class='ocr_par' dir='ltr' id='par_1_9' title="bbox 482 2199 1527 2260">
     <span class='ocr_line' id='line_1_22' title="bbox 482 2199 1527 2260; baseline 0.001 -17"><span class='ocrx_word' id='word_1_131' title='bbox 482 2200 675 2260; x_wconf 84' lang='grc' dir='ltr'>Αἷγεῖδαι</span> <span class='ocrx_word' id='word_1_132' title='bbox 696 2199 825 2244; x_wconf 80' lang='grc' dir='ltr'>σέθεν</span> <span class='ocrx_word' id='word_1_133' title='bbox 845 2201 1027 2259; x_wconf 74' lang='grc' dir='ltr'>ἔκγονοι,</span> <span class='ocrx_word' id='word_1_134' title='bbox 1048 2200 1314 2258; x_wconf 82' lang='grc' dir='ltr'>μαντεύμασι</span> <span class='ocrx_word' id='word_1_135' title='bbox 1335 2201 1527 2247; x_wconf 79' lang='grc' dir='ltr'>Πυθίοις.</span> 
     </span>
    </p>
   </div>
   <div class='ocr_carea' id='block_1_3' title="bbox 126 2303 1883 3158">
    <p class='ocr_par' dir='ltr' id='par_1_10' title="bbox 126 2303 1883 3158">
     <span class='ocr_line' id='line_1_23' title="bbox 130 2303 1882 2380; baseline -0.001 -17"><span class='ocrx_word' id='word_1_136' title='bbox 130 2305 222 2363; x_wconf 84' lang='lat' dir='ltr'>Ex</span> <span class='ocrx_word' id='word_1_137' title='bbox 253 2324 369 2380; x_wconf 92' lang='lat' dir='ltr'>quo</span> <span class='ocrx_word' id='word_1_138' title='bbox 400 2304 603 2371; x_wconf 88' lang='lat' dir='ltr'>voluit,</span> <span class='ocrx_word' id='word_1_139' title='bbox 636 2305 856 2379; x_wconf 90' lang='lat' dir='ltr'>opinor,</span> <span class='ocrx_word' id='word_1_140' title='bbox 888 2303 1156 2380; x_wconf 88' lang='lat' dir='ltr'>intelligi,</span> <span class='ocrx_word' id='word_1_141' title='bbox 1189 2304 1470 2379; x_wconf 90' lang='lat' dir='ltr'>quicquid</span> <span class='ocrx_word' id='word_1_142' title='bbox 1510 2305 1570 2360; x_wconf 92' lang='lat' dir='ltr'>in</span> <span class='ocrx_word' id='word_1_143' title='bbox 1609 2304 1786 2361; x_wconf 87' lang='lat' dir='ltr'>simili</span> <span class='ocrx_word' id='word_1_144' title='bbox 1818 2324 1882 2362; x_wconf 88' lang='lat' dir='ltr'>re</span> 
     </span>
     <span class='ocr_line' id='line_1_24' title="bbox 127 2400 1883 2477; baseline 0.001 -20"><span class='ocrx_word' id='word_1_145' title='bbox 127 2402 460 2477; x_wconf 89' lang='lat' dir='ltr'>nuperrime</span> <span class='ocrx_word' id='word_1_146' title='bbox 490 2401 718 2477; x_wconf 87' lang='lat' dir='ltr'>egerint</span> <span class='ocrx_word' id='word_1_147' title='bbox 748 2400 999 2474; x_wconf 76' lang='lat' dir='ltr'>aequales</span> <span class='ocrx_word' id='word_1_148' title='bbox 1038 2401 1145 2466; x_wconf 90' lang='lat' dir='ltr'>sui,</span> <span class='ocrx_word' id='word_1_149' title='bbox 1175 2401 1234 2456; x_wconf 94' lang='lat' dir='ltr'>id</span> <span class='ocrx_word' id='word_1_150' title='bbox 1268 2420 1442 2457; x_wconf 91' lang='lat' dir='ltr'>omne</span> <span class='ocrx_word' id='word_1_151' title='bbox 1472 2409 1673 2457; x_wconf 88' lang='lat' dir='ltr'>actum</span> <span class='ocrx_word' id='word_1_152' title='bbox 1704 2401 1883 2458; x_wconf 90' lang='lat' dir='ltr'>fuisse</span> 
     </span>
     <span class='ocr_line' id='line_1_25' title="bbox 127 2495 1880 2572; baseline -0.002 -17"><span class='ocrx_word' id='word_1_153' title='bbox 127 2517 413 2555; x_wconf 86' lang='lat' dir='ltr'>consensu</span> <span class='ocrx_word' id='word_1_154' title='bbox 463 2498 768 2572; x_wconf 87' lang='lat' dir='ltr'>majorum,</span> <span class='ocrx_word' id='word_1_155' title='bbox 823 2497 1025 2564; x_wconf 81' lang='lat' dir='ltr'>imme,</span> <span class='ocrx_word' id='word_1_156' title='bbox 1072 2504 1142 2553; x_wconf 91' lang='lat' dir='ltr'>ut</span> <span class='ocrx_word' id='word_1_157' title='bbox 1193 2498 1278 2554; x_wconf 91' lang='lat' dir='ltr'>ita</span> <span class='ocrx_word' id='word_1_158' title='bbox 1326 2498 1534 2564; x_wconf 86' lang='lat' dir='ltr'>dicam,</span> <span class='ocrx_word' id='word_1_159' title='bbox 1586 2495 1880 2554; x_wconf 90' lang='lat' dir='ltr'>Manium.</span> 
     </span>
     <span class='ocr_line' id='line_1_26' title="bbox 130 2593 1882 2671; baseline 0.001 -19"><span class='ocrx_word' id='word_1_160' title='bbox 130 2594 294 2652; x_wconf 90' lang='lat' dir='ltr'>Num</span> <span class='ocrx_word' id='word_1_161' title='bbox 325 2596 521 2671; x_wconf 89' lang='lat' dir='ltr'>potuit</span> <span class='ocrx_word' id='word_1_162' title='bbox 553 2595 743 2670; x_wconf 85' lang='lat' dir='ltr'>majus</span> <span class='ocrx_word' id='word_1_163' title='bbox 773 2594 1011 2668; x_wconf 87' lang='lat' dir='ltr'>aliquod</span> <span class='ocrx_word' id='word_1_164' title='bbox 1042 2593 1234 2650; x_wconf 82' lang='lat' dir='ltr'>afferri</span> <span class='ocrx_word' id='word_1_165' title='bbox 1266 2593 1563 2662; x_wconf 87' lang='lat' dir='ltr'>solatium,</span> <span class='ocrx_word' id='word_1_166' title='bbox 1596 2596 1882 2670; x_wconf 85' lang='lat' dir='ltr'>quassatis</span> 
     </span>
     <span class='ocr_line' id='line_1_27' title="bbox 126 2689 1879 2768; baseline 0 -19"><span class='ocrx_word' id='word_1_167' title='bbox 126 2693 406 2768; x_wconf 86' lang='lat' dir='ltr'>aegrisque</span> <span class='ocrx_word' id='word_1_168' title='bbox 456 2692 667 2749; x_wconf 87' lang='lat' dir='ltr'>animis</span> <span class='ocrx_word' id='word_1_169' title='bbox 716 2691 940 2747; x_wconf 88' lang='lat' dir='ltr'>recenti</span> <span class='ocrx_word' id='word_1_170' title='bbox 992 2689 1204 2747; x_wconf 71' lang='lat' dir='ltr'>clade?</span> <span class='ocrx_word' id='word_1_171' title='bbox 1291 2690 1443 2746; x_wconf 89' lang='lat' dir='ltr'>Tum</span> <span class='ocrx_word' id='word_1_172' title='bbox 1496 2710 1567 2747; x_wconf 90' lang='grc'>60</span> <span class='ocrx_word' id='word_1_173' title='bbox 1620 2691 1879 2757; x_wconf 83' lang='lat' dir='ltr'>consiliO,</span> 
     </span>
     <span class='ocr_line' id='line_1_28' title="bbox 126 2786 1881 2863; baseline -0.001 -18"><span class='ocrx_word' id='word_1_174' title='bbox 126 2807 241 2863; x_wconf 90' lang='lat' dir='ltr'>quo</span> <span class='ocrx_word' id='word_1_175' title='bbox 273 2788 472 2845; x_wconf 89' lang='lat' dir='ltr'>decuit</span> <span class='ocrx_word' id='word_1_176' title='bbox 501 2789 758 2845; x_wconf 91' lang='lat' dir='ltr'>amicum</span> <span class='ocrx_word' id='word_1_177' title='bbox 789 2787 1027 2855; x_wconf 85' lang='lat' dir='ltr'>bonum,</span> <span class='ocrx_word' id='word_1_178' title='bbox 1057 2787 1362 2862; x_wconf 88' lang='lat' dir='ltr'>conjungit</span> <span class='ocrx_word' id='word_1_179' title='bbox 1392 2786 1595 2844; x_wconf 87' lang='lat' dir='ltr'>laudes</span> <span class='ocrx_word' id='word_1_180' title='bbox 1624 2787 1881 2846; x_wconf 90' lang='lat' dir='ltr'>luctum-</span> 
     </span>
     <span class='ocr_line' id='line_1_29' title="bbox 126 2883 1667 2962; baseline -0.001 -22"><span class='ocrx_word' id='word_1_181' title='bbox 126 2902 240 2958; x_wconf 91' lang='lat' dir='ltr'>que</span> <span class='ocrx_word' id='word_1_182' title='bbox 268 2885 475 2960; x_wconf 86' lang='lat' dir='ltr'>patriae</span> <span class='ocrx_word' id='word_1_183' title='bbox 505 2903 642 2941; x_wconf 91' lang='lat' dir='ltr'>cum</span> <span class='ocrx_word' id='word_1_184' title='bbox 673 2883 944 2940; x_wconf 88' lang='lat' dir='ltr'>laudibus</span> <span class='ocrx_word' id='word_1_185' title='bbox 973 2883 1258 2958; x_wconf 91' lang='lat' dir='ltr'>luctuque</span> <span class='ocrx_word' id='word_1_186' title='bbox 1289 2883 1527 2940; x_wconf 86' lang='lat' dir='ltr'>victoris</span> <span class='ocrx_word' id='word_1_187' title='bbox 1546 2888 1578 2939; x_wconf 68' lang='grc' dir='ltr'>ῑ.</span> <span class='ocrx_word' id='word_1_188' title='bbox 1663 2959 1667 2962; x_wconf 19' lang='grc' dir='ltr'>ι</span> 
     </span>
     <span class='ocr_line' id='line_1_30' title="bbox 477 2991 706 3051; baseline 0 -16"><span class='ocrx_word' id='word_1_189' title='bbox 477 2991 706 3051; x_wconf 81' lang='grc' dir='ltr'>φλέγεται,</span> 
     </span>
     <span class='ocr_line' id='line_1_31' title="bbox 126 3080 983 3158; baseline 0.004 -24"><span class='ocrx_word' id='word_1_190' title='bbox 126 3080 336 3156; x_wconf 88' lang='lat' dir='ltr'>inquit,</span> <span class='ocrx_word' id='word_1_191' title='bbox 368 3080 736 3158; x_wconf 82' lang='lat' dir='ltr'>Strepsiades</span> <span class='ocrx_word' id='word_1_192' title='bbox 765 3088 983 3149; x_wconf 86' lang='lat' dir='ltr'>noster,</span> 
     </span>
    </p>
   </div>
   <div class='ocr_carea' id='block_1_4' title="bbox 472 3186 1437 3459">
    <p class='ocr_par' dir='ltr' id='par_1_11' title="bbox 756 3186 1317 3246">
     <span class='ocr_line' id='line_1_32' title="bbox 756 3186 1317 3246; baseline 0.004 -15"><span class='ocrx_word' id='word_1_193' title='bbox 756 3186 1090 3246; x_wconf 80' lang='grc' dir='ltr'>ἷοβοστρύχοισι</span> <span class='ocrx_word' id='word_1_194' title='bbox 1113 3189 1317 3240; x_wconf 85' lang='grc' dir='ltr'>Μοίσαις,</span> 
     </span>
    </p>

    <p class='ocr_par' dir='ltr' id='par_1_12' title="bbox 472 3256 1437 3459">
     <span class='ocr_line' id='line_1_33' title="bbox 519 3256 1339 3277; baseline 0.002 -2"><span class='ocrx_word' id='word_1_195' title='bbox 519 3258 530 3274; x_wconf 80' lang='grc' dir='ltr'>ι</span> <span class='ocrx_word' id='word_1_196' title='bbox 623 3256 642 3273; x_wconf 72' lang='lat'>⁴⁴</span> <span class='ocrx_word' id='word_1_197' title='bbox 728 3261 740 3277; x_wconf 72' lang='lat' dir='ltr'>c</span> <span class='ocrx_word' id='word_1_198' title='bbox 843 3258 855 3273; x_wconf 78' lang='lat' dir='ltr'>t</span> <span class='ocrx_word' id='word_1_199' title='bbox 983 3259 996 3273; x_wconf 65' lang='grc' dir='ltr'>ι</span> <span class='ocrx_word' id='word_1_200' title='bbox 1328 3261 1339 3277; x_wconf 79' lang='grc' dir='ltr'>ι</span> 
     </span>
     <span class='ocr_line' id='line_1_34' title="bbox 472 3258 1437 3320; baseline 0.003 -18"><span class='ocrx_word' id='word_1_201' title='bbox 472 3276 636 3316; x_wconf 87' lang='grc' dir='ltr'>ματρωι</span> <span class='ocrx_word' id='word_1_202' title='bbox 658 3258 695 3302; x_wconf 69' lang='grc' dir='ltr'>θ’</span> <span class='ocrx_word' id='word_1_203' title='bbox 718 3278 924 3320; x_wconf 80' lang='grc' dir='ltr'>ομωνυμῳ</span> <span class='ocrx_word' id='word_1_204' title='bbox 946 3260 1104 3304; x_wconf 86' lang='grc' dir='ltr'>δεδωκε</span> <span class='ocrx_word' id='word_1_205' title='bbox 1125 3262 1266 3305; x_wconf 86' lang='grc' dir='ltr'>κοινὸν</span> <span class='ocrx_word' id='word_1_206' title='bbox 1287 3260 1437 3313; x_wconf 80' lang='grc' dir='ltr'>θαλος,</span> 
     </span>
     <span class='ocr_line' id='line_1_35' title="bbox 472 3329 1384 3391; baseline 0.004 -18"><span class='ocrx_word' id='word_1_207' title='bbox 472 3331 720 3387; x_wconf 81' lang='grc' dir='ltr'>χάλκασπις</span> <span class='ocrx_word' id='word_1_208' title='bbox 739 3329 775 3390; x_wconf 76' lang='grc' dir='ltr'><em>ᾧ</em></span> <span class='ocrx_word' id='word_1_209' title='bbox 793 3334 960 3389; x_wconf 90' lang='grc' dir='ltr'>πότμον</span> <span class='ocrx_word' id='word_1_210' title='bbox 978 3332 1056 3389; x_wconf 75' lang='grc' dir='ltr'>μὲν</span> <span class='ocrx_word' id='word_1_211' title='bbox 1066 3330 1206 3390; x_wconf 63' lang='grc' dir='ltr'>”Αρης</span> <span class='ocrx_word' id='word_1_212' title='bbox 1225 3334 1384 3391; x_wconf 75' lang='grc' dir='ltr'>ἔμιξεν,</span> 
     </span>
     <span class='ocr_line' id='line_1_36' title="bbox 472 3400 1144 3459; baseline 0.004 -14"><span class='ocrx_word' id='word_1_213' title='bbox 472 3404 573 3458; x_wconf 88' lang='grc' dir='ltr'>τιμὰ</span> <span class='ocrx_word' id='word_1_214' title='bbox 593 3401 629 3446; x_wconf 86' lang='grc' dir='ltr'>δ’</span> <span class='ocrx_word' id='word_1_215' title='bbox 651 3402 882 3459; x_wconf 83' lang='grc' dir='ltr'>ἀγαθοῖσιν</span> <span class='ocrx_word' id='word_1_216' title='bbox 901 3400 1144 3448; x_wconf 83' lang='grc' dir='ltr'>ἀντίκειται.</span> 
     </span>
    </p>
   </div>
   <div class='ocr_carea' id='block_1_5' title="bbox 273 3547 1636 3702">
    <p class='ocr_par' dir='ltr' id='par_1_13' title="bbox 273 3547 1636 3702">
     <span class='ocr_line' id='line_1_37' title="bbox 273 3547 1636 3628; baseline 0.003 -18"><span class='ocrx_word' id='word_1_217' title='bbox 273 3547 277 3550; x_wconf 82' lang='grc'><strong>’</strong></span> <span class='ocrx_word' id='word_1_218' title='bbox 356 3575 375 3598; x_wconf 78' lang='lat' dir='ltr'>s</span> <span class='ocrx_word' id='word_1_219' title='bbox 395 3568 544 3613; x_wconf 62' lang='lat' dir='ltr'>Istam.</span> <span class='ocrx_word' id='word_1_220' title='bbox 567 3569 625 3614; x_wconf 75' lang='lat' dir='ltr'>vi.</span> <span class='ocrx_word' id='word_1_221' title='bbox 653 3583 691 3614; x_wconf 92' lang='lat'>1.</span> <span class='ocrx_word' id='word_1_222' title='bbox 1380 3571 1398 3601; x_wconf 78' lang='lat' dir='ltr'>t</span> <span class='ocrx_word' id='word_1_223' title='bbox 1427 3569 1541 3614; x_wconf 70' lang='lat' dir='ltr'>md.</span> <span class='ocrx_word' id='word_1_224' title='bbox 1563 3583 1636 3628; x_wconf 90' lang='lat'>31.</span> 
     </span>
     <span class='ocr_line' id='line_1_38' title="bbox 922 3661 1062 3702; baseline -0.014 0"><span class='ocrx_word' id='word_1_225' title='bbox 922 3661 971 3702; x_wconf 89' lang='lat' dir='ltr'>M</span> <span class='ocrx_word' id='word_1_226' title='bbox 1001 3664 1062 3701; x_wconf 88' lang='lat' dir='ltr'>m</span> 
     </span>
    </p>
   </div>
  </div>
 </body>
</html>
