<?xml version="1.0" encoding="UTF-8"?>
<!DOCTYPE html PUBLIC "-//W3C//DTD XHTML 1.0 Transitional//EN"
    "http://www.w3.org/TR/xhtml1/DTD/xhtml1-transitional.dtd">
<html xmlns="http://www.w3.org/1999/xhtml" xml:lang="en" lang="en">
 <head>
  <title>
</title>
<meta http-equiv="Content-Type" content="text/html;charset=utf-8" />
  <meta name='ocr-system' content='tesseract 3.04.00' />
  <meta name='ocr-capabilities' content='ocr_page ocr_carea ocr_par ocr_line ocrx_word'/>
</head>
<body>
  <div class='ocr_page' id='page_1' title='image "./a588873902kebluoft_0368.png"; bbox 0 0 2288 4036; ppageno 0'>
   <div class='ocr_carea' id='block_1_1' title="bbox 243 172 2046 247">
    <p class='ocr_par' dir='ltr' id='par_1_1' title="bbox 243 172 2046 247">
     <span class='ocr_line' id='line_1_1' title="bbox 243 172 2046 247; baseline 0.004 -18"><span class='ocrx_word' id='word_1_1' title='bbox 243 172 352 230; x_wconf 80' lang='lat'>746</span> <span class='ocrx_word' id='word_1_2' title='bbox 406 174 664 247; x_wconf 69' lang='lat' dir='ltr'>Virqilius</span> <span class='ocrx_word' id='word_1_3' title='bbox 680 175 970 246; x_wconf 71' lang='lat' dir='ltr'>imayinmn</span> <span class='ocrx_word' id='word_1_4' title='bbox 987 175 1181 228; x_wconf 75' lang='lat' dir='ltr'>delectu</span> <span class='ocrx_word' id='word_1_5' title='bbox 1189 175 1354 246; x_wconf 73' lang='lat' dir='ltr'>plane</span> <span class='ocrx_word' id='word_1_6' title='bbox 1372 178 1617 231; x_wconf 72' lang='lat' dir='ltr'>rusticus:</span> <span class='ocrx_word' id='word_1_7' title='bbox 1666 198 2046 237; x_wconf 80' lang='lat' dir='ltr'>PRAEL.xxxvn.</span> 
     </span>
    </p>
   </div>
   <div class='ocr_carea' id='block_1_2' title="bbox 242 321 2046 499">
    <p class='ocr_par' dir='ltr' id='par_1_2' title="bbox 242 321 2046 499">
     <span class='ocr_line' id='line_1_2' title="bbox 242 321 2046 405; baseline 0.004 -26"><span class='ocrx_word' id='word_1_8' title='bbox 242 323 459 399; x_wconf 83' lang='lat' dir='ltr'>quibus</span> <span class='ocrx_word' id='word_1_9' title='bbox 505 321 753 381; x_wconf 79' lang='lat' dir='ltr'>solenne</span> <span class='ocrx_word' id='word_1_10' title='bbox 799 340 1036 398; x_wconf 86' lang='lat' dir='ltr'>semper</span> <span class='ocrx_word' id='word_1_11' title='bbox 1081 322 1217 391; x_wconf 88' lang='lat' dir='ltr'>fuit,</span> <span class='ocrx_word' id='word_1_12' title='bbox 1265 342 1342 380; x_wconf 88' lang='lat' dir='ltr'>ex</span> <span class='ocrx_word' id='word_1_13' title='bbox 1387 344 1452 381; x_wconf 91' lang='lat' dir='ltr'>re</span> <span class='ocrx_word' id='word_1_14' title='bbox 1500 325 1645 384; x_wconf 91' lang='lat' dir='ltr'>talia</span> <span class='ocrx_word' id='word_1_15' title='bbox 1688 328 1928 405; x_wconf 82' lang='lat' dir='ltr'>garrire,</span> <span class='ocrx_word' id='word_1_16' title='bbox 1963 329 2046 387; x_wconf 89' lang='lat' dir='ltr'>la-</span> 
     </span>
     <span class='ocr_line' id='line_1_3' title="bbox 242 417 830 499; baseline 0 -20"><span class='ocrx_word' id='word_1_17' title='bbox 242 423 484 481; x_wconf 84' lang='lat' dir='ltr'>boribus</span> <span class='ocrx_word' id='word_1_18' title='bbox 515 422 775 499; x_wconf 82' lang='lat' dir='ltr'>peractis</span> <span class='ocrx_word' id='word_1_19' title='bbox 800 417 830 489; x_wconf 62' lang='grc' dir='ltr'>ἱ,</span> 
     </span>
    </p>
   </div>
   <div class='ocr_carea' id='block_1_3' title="bbox 481 541 1710 600">
    <p class='ocr_par' dir='ltr' id='par_1_3' title="bbox 481 541 1710 600">
     <span class='ocr_line' id='line_1_4' title="bbox 481 541 1710 600; baseline 0.005 -15"><span class='ocrx_word' id='word_1_20' title='bbox 481 542 603 586; x_wconf 86' lang='lat' dir='ltr'>Ante</span> <span class='ocrx_word' id='word_1_21' title='bbox 623 541 793 593; x_wconf 89' lang='lat' dir='ltr'>focum,</span> <span class='ocrx_word' id='word_1_22' title='bbox 817 541 856 585; x_wconf 88' lang='lat' dir='ltr'>si</span> <span class='ocrx_word' id='word_1_23' title='bbox 877 541 1022 600; x_wconf 88' lang='lat' dir='ltr'>frigus</span> <span class='ocrx_word' id='word_1_24' title='bbox 1045 549 1140 586; x_wconf 89' lang='lat' dir='ltr'>erat</span> <span class='ocrx_word' id='word_1_25' title='bbox 1153 560 1167 595; x_wconf 89' lang='lat'>;</span> <span class='ocrx_word' id='word_1_26' title='bbox 1201 542 1240 587; x_wconf 91' lang='lat' dir='ltr'>si</span> <span class='ocrx_word' id='word_1_27' title='bbox 1259 543 1438 597; x_wconf 79' lang='lat' dir='ltr'>messiS,</span> <span class='ocrx_word' id='word_1_28' title='bbox 1461 544 1509 588; x_wconf 89' lang='lat' dir='ltr'>in</span> <span class='ocrx_word' id='word_1_29' title='bbox 1531 545 1710 591; x_wconf 88' lang='lat' dir='ltr'>umbra.</span> 
     </span>
    </p>
   </div>
   <div class='ocr_carea' id='block_1_4' title="bbox 231 639 2046 1716">
    <p class='ocr_par' dir='ltr' id='par_1_4' title="bbox 235 639 2046 1099">
     <span class='ocr_line' id='line_1_5' title="bbox 239 639 2043 723; baseline 0.004 -27"><span class='ocrx_word' id='word_1_30' title='bbox 239 639 312 697; x_wconf 92' lang='lat' dir='ltr'>Id</span> <span class='ocrx_word' id='word_1_31' title='bbox 343 639 430 707; x_wconf 87' lang='lat' dir='ltr'>fit,</span> <span class='ocrx_word' id='word_1_32' title='bbox 463 640 688 716; x_wconf 88' lang='lat' dir='ltr'>injecta</span> <span class='ocrx_word' id='word_1_33' title='bbox 723 640 942 716; x_wconf 90' lang='lat' dir='ltr'>partim</span> <span class='ocrx_word' id='word_1_34' title='bbox 987 641 1299 699; x_wconf 78' lang='lat' dir='ltr'>mentione</span> <span class='ocrx_word' id='word_1_35' title='bbox 1345 640 1635 711; x_wconf 91' lang='lat' dir='ltr'>locorum,</span> <span class='ocrx_word' id='word_1_36' title='bbox 1667 643 1771 702; x_wconf 88' lang='lat' dir='ltr'>ubi</span> <span class='ocrx_word' id='word_1_37' title='bbox 1801 652 2043 723; x_wconf 87' lang='lat' dir='ltr'>gestum</span> 
     </span>
     <span class='ocr_line' id='line_1_6' title="bbox 238 737 2046 819; baseline 0.003 -23"><span class='ocrx_word' id='word_1_38' title='bbox 238 746 367 798; x_wconf 86' lang='lat' dir='ltr'>erat</span> <span class='ocrx_word' id='word_1_39' title='bbox 413 737 640 815; x_wconf 90' lang='lat' dir='ltr'>aliquid</span> <span class='ocrx_word' id='word_1_40' title='bbox 686 738 955 817; x_wconf 80' lang='lat' dir='ltr'>insigne3</span> <span class='ocrx_word' id='word_1_41' title='bbox 1006 740 1338 799; x_wconf 85' lang='lat' dir='ltr'><strong>maximam</strong></span> <span class='ocrx_word' id='word_1_42' title='bbox 1369 747 1577 800; x_wconf 90' lang='lat' dir='ltr'>autem</span> <span class='ocrx_word' id='word_1_43' title='bbox 1606 750 1843 819; x_wconf 89' lang='lat' dir='ltr'>partem</span> <span class='ocrx_word' id='word_1_44' title='bbox 1874 763 2046 802; x_wconf 87' lang='lat' dir='ltr'>occa-</span> 
     </span>
     <span class='ocr_line' id='line_1_7' title="bbox 236 840 2043 918; baseline 0.002 -21"><span class='ocrx_word' id='word_1_45' title='bbox 236 840 405 898; x_wconf 90' lang='lat' dir='ltr'>sione</span> <span class='ocrx_word' id='word_1_46' title='bbox 446 846 685 916; x_wconf 84' lang='lat' dir='ltr'>arrepta</span> <span class='ocrx_word' id='word_1_47' title='bbox 730 847 975 917; x_wconf 89' lang='lat' dir='ltr'>propter</span> <span class='ocrx_word' id='word_1_48' title='bbox 1018 841 1338 899; x_wconf 87' lang='lat' dir='ltr'>inventum</span> <span class='ocrx_word' id='word_1_49' title='bbox 1383 840 1625 918; x_wconf 86' lang='lat' dir='ltr'>aliquod</span> <span class='ocrx_word' id='word_1_50' title='bbox 1658 842 1912 914; x_wconf 86' lang='lat' dir='ltr'>felicius,</span> <span class='ocrx_word' id='word_1_51' title='bbox 1946 842 2043 901; x_wconf 86' lang='lat' dir='ltr'>vel</span> 
     </span>
     <span class='ocr_line' id='line_1_8' title="bbox 235 939 2044 1019; baseline 0.001 -21"><span class='ocrx_word' id='word_1_52' title='bbox 235 941 407 1016; x_wconf 90' lang='lat' dir='ltr'>siqua</span> <span class='ocrx_word' id='word_1_53' title='bbox 450 939 810 998; x_wconf 88' lang='lat' dir='ltr'>rusticarum</span> <span class='ocrx_word' id='word_1_54' title='bbox 849 957 1051 998; x_wconf 91' lang='lat' dir='ltr'>rerum</span> <span class='ocrx_word' id='word_1_55' title='bbox 1096 940 1404 1017; x_wconf 88' lang='lat' dir='ltr'>provincia</span> <span class='ocrx_word' id='word_1_56' title='bbox 1444 942 1699 1019; x_wconf 88' lang='lat' dir='ltr'>propriis</span> <span class='ocrx_word' id='word_1_57' title='bbox 1737 944 1906 1002; x_wconf 85' lang='lat' dir='ltr'>venit</span> <span class='ocrx_word' id='word_1_58' title='bbox 1951 962 2044 1001; x_wconf 90' lang='lat' dir='ltr'>or-</span> 
     </span>
     <span class='ocr_line' id='line_1_9' title="bbox 235 1039 762 1099; baseline 0 -1"><span class='ocrx_word' id='word_1_59' title='bbox 235 1041 434 1099; x_wconf 90' lang='lat' dir='ltr'>nanda</span> <span class='ocrx_word' id='word_1_60' title='bbox 464 1039 762 1098; x_wconf 79' lang='lat' dir='ltr'>laudibus,</span> 
     </span>
    </p>

    <p class='ocr_par' dir='ltr' id='par_1_5' title="bbox 231 1137 2043 1716">
     <span class='ocr_line' id='line_1_10' title="bbox 321 1137 2042 1219; baseline 0.001 -21"><span class='ocrx_word' id='word_1_61' title='bbox 321 1139 418 1198; x_wconf 88' lang='lat' dir='ltr'>Ac</span> <span class='ocrx_word' id='word_1_62' title='bbox 444 1139 519 1197; x_wconf 90' lang='lat' dir='ltr'>de</span> <span class='ocrx_word' id='word_1_63' title='bbox 550 1138 697 1198; x_wconf 89' lang='lat' dir='ltr'>locis</span> <span class='ocrx_word' id='word_1_64' title='bbox 717 1139 964 1216; x_wconf 92' lang='lat' dir='ltr'>quidem</span> <span class='ocrx_word' id='word_1_65' title='bbox 995 1138 1159 1197; x_wconf 89' lang='lat' dir='ltr'>alias.</span> <span class='ocrx_word' id='word_1_66' title='bbox 1225 1137 1446 1201; x_wconf 80' lang='lat' dir='ltr'>Artem</span> <span class='ocrx_word' id='word_1_67' title='bbox 1479 1139 1840 1200; x_wconf 89' lang='lat' dir='ltr'>celebrantis</span> <span class='ocrx_word' id='word_1_68' title='bbox 1872 1160 2042 1219; x_wconf 90' lang='lat' dir='ltr'>egre-</span> 
     </span>
     <span class='ocr_line' id='line_1_11' title="bbox 231 1237 2041 1318; baseline 0 -20"><span class='ocrx_word' id='word_1_69' title='bbox 231 1241 399 1318; x_wconf 90' lang='lat' dir='ltr'>gium</span> <span class='ocrx_word' id='word_1_70' title='bbox 435 1239 604 1298; x_wconf 92' lang='lat' dir='ltr'>dabit</span> <span class='ocrx_word' id='word_1_71' title='bbox 635 1239 961 1317; x_wconf 80' lang='lat' dir='ltr'>specimen,</span> <span class='ocrx_word' id='word_1_72' title='bbox 997 1238 1109 1297; x_wconf 92' lang='lat' dir='ltr'>sub</span> <span class='ocrx_word' id='word_1_73' title='bbox 1139 1239 1269 1316; x_wconf 91' lang='lat' dir='ltr'>ipso</span> <span class='ocrx_word' id='word_1_74' title='bbox 1301 1239 1421 1297; x_wconf 91' lang='lat' dir='ltr'>fine</span> <span class='ocrx_word' id='word_1_75' title='bbox 1454 1240 1772 1317; x_wconf 83' lang='lat' dir='ltr'>poematiS,</span> <span class='ocrx_word' id='word_1_76' title='bbox 1798 1237 2041 1299; x_wconf 88' lang='lat' dir='ltr'>Aristaei</span> 
     </span>
     <span class='ocr_line' id='line_1_12' title="bbox 233 1337 2043 1417; baseline -0.001 -19"><span class='ocrx_word' id='word_1_77' title='bbox 233 1339 454 1399; x_wconf 87' lang='lat' dir='ltr'>fabula.</span> <span class='ocrx_word' id='word_1_78' title='bbox 547 1338 670 1398; x_wconf 81' lang='lat' dir='ltr'>Sed</span> <span class='ocrx_word' id='word_1_79' title='bbox 711 1346 774 1397; x_wconf 93' lang='lat' dir='ltr'>et</span> <span class='ocrx_word' id='word_1_80' title='bbox 814 1337 932 1397; x_wconf 87' lang='lat' dir='ltr'>alia</span> <span class='ocrx_word' id='word_1_81' title='bbox 978 1346 1119 1397; x_wconf 91' lang='lat' dir='ltr'>sunt</span> <span class='ocrx_word' id='word_1_82' title='bbox 1160 1338 1481 1416; x_wconf 89' lang='lat' dir='ltr'>permulta,</span> <span class='ocrx_word' id='word_1_83' title='bbox 1513 1359 1646 1417; x_wconf 86' lang='lat' dir='ltr'>quae</span> <span class='ocrx_word' id='word_1_84' title='bbox 1688 1339 1896 1417; x_wconf 87' lang='lat' dir='ltr'>tetigit</span> <span class='ocrx_word' id='word_1_85' title='bbox 1935 1359 2043 1417; x_wconf 93' lang='lat' dir='ltr'>po-</span> 
     </span>
     <span class='ocr_line' id='line_1_13' title="bbox 234 1437 2043 1518; baseline -0.001 -19"><span class='ocrx_word' id='word_1_86' title='bbox 234 1442 354 1499; x_wconf 92' lang='lat' dir='ltr'>tius</span> <span class='ocrx_word' id='word_1_87' title='bbox 385 1459 567 1518; x_wconf 89' lang='lat' dir='ltr'>quam</span> <span class='ocrx_word' id='word_1_88' title='bbox 608 1439 873 1498; x_wconf 86' lang='lat' dir='ltr'>narravit</span> <span class='ocrx_word' id='word_1_89' title='bbox 903 1437 1215 1518; x_wconf 70' lang='lat' dir='ltr'>Virgilius</span> <span class='ocrx_word' id='word_1_90' title='bbox 1310 1438 1676 1508; x_wconf 83' lang='lat' dir='ltr'>MonstratO,</span> <span class='ocrx_word' id='word_1_91' title='bbox 1709 1440 1876 1498; x_wconf 89' lang='lat' dir='ltr'>verbi</span> <span class='ocrx_word' id='word_1_92' title='bbox 1909 1459 2043 1518; x_wconf 90' lang='lat' dir='ltr'>gra-</span> 
     </span>
     <span class='ocr_line' id='line_1_14' title="bbox 233 1538 2042 1616; baseline -0.001 -18"><span class='ocrx_word' id='word_1_93' title='bbox 233 1540 336 1607; x_wconf 90' lang='lat' dir='ltr'>tia,</span> <span class='ocrx_word' id='word_1_94' title='bbox 358 1545 655 1616; x_wconf 89' lang='lat' dir='ltr'>quantum</span> <span class='ocrx_word' id='word_1_95' title='bbox 685 1538 925 1605; x_wconf 82' lang='lat' dir='ltr'>intersit</span> <span class='ocrx_word' id='word_1_96' title='bbox 957 1538 1184 1607; x_wconf 86' lang='lat' dir='ltr'>ovium,</span> <span class='ocrx_word' id='word_1_97' title='bbox 1209 1538 1662 1596; x_wconf 90' lang='lat' dir='ltr'>candidissimas</span> <span class='ocrx_word' id='word_1_98' title='bbox 1693 1556 1842 1607; x_wconf 92' lang='lat' dir='ltr'>esse,</span> <span class='ocrx_word' id='word_1_99' title='bbox 1866 1545 2042 1596; x_wconf 89' lang='lat' dir='ltr'>vetus</span> 
     </span>
     <span class='ocr_line' id='line_1_15' title="bbox 232 1632 1688 1716; baseline -0.003 -18"><span class='ocrx_word' id='word_1_100' title='bbox 232 1640 435 1698; x_wconf 90' lang='lat' dir='ltr'>nescio</span> <span class='ocrx_word' id='word_1_101' title='bbox 466 1637 611 1716; x_wconf 91' lang='lat' dir='ltr'>quid</span> <span class='ocrx_word' id='word_1_102' title='bbox 645 1637 721 1696; x_wconf 92' lang='lat' dir='ltr'>de</span> <span class='ocrx_word' id='word_1_103' title='bbox 751 1637 1026 1696; x_wconf 89' lang='lat' dir='ltr'>Deorum</span> <span class='ocrx_word' id='word_1_104' title='bbox 1056 1637 1362 1696; x_wconf 89' lang='lat' dir='ltr'>amoribus</span> <span class='ocrx_word' id='word_1_105' title='bbox 1393 1636 1620 1714; x_wconf 87' lang='lat' dir='ltr'>profert</span> <span class='ocrx_word' id='word_1_106' title='bbox 1640 1632 1688 1694; x_wconf 77' lang='lat' dir='ltr'>k.</span> 
     </span>
    </p>
   </div>
   <div class='ocr_carea' id='block_1_5' title="bbox 474 1754 1796 1965">
    <p class='ocr_par' dir='ltr' id='par_1_6' title="bbox 474 1754 1796 1965">
     <span class='ocr_line' id='line_1_16' title="bbox 475 1754 1655 1814; baseline -0.002 -13"><span class='ocrx_word' id='word_1_107' title='bbox 475 1756 672 1802; x_wconf 86' lang='lat' dir='ltr'>Munere</span> <span class='ocrx_word' id='word_1_108' title='bbox 695 1756 758 1801; x_wconf 85' lang='lat' dir='ltr'>sic</span> <span class='ocrx_word' id='word_1_109' title='bbox 780 1755 913 1801; x_wconf 87' lang='lat' dir='ltr'>niveo</span> <span class='ocrx_word' id='word_1_110' title='bbox 934 1756 1066 1808; x_wconf 86' lang='lat' dir='ltr'>lanae,</span> <span class='ocrx_word' id='word_1_111' title='bbox 1090 1755 1128 1800; x_wconf 88' lang='lat' dir='ltr'>si</span> <span class='ocrx_word' id='word_1_112' title='bbox 1150 1754 1331 1800; x_wconf 86' lang='lat' dir='ltr'>credere</span> <span class='ocrx_word' id='word_1_113' title='bbox 1354 1754 1550 1814; x_wconf 85' lang='lat' dir='ltr'>dignum</span> <span class='ocrx_word' id='word_1_114' title='bbox 1572 1761 1655 1807; x_wconf 85' lang='lat' dir='ltr'>est,</span> 
     </span>
     <span class='ocr_line' id='line_1_17' title="bbox 474 1828 1604 1888; baseline -0.004 -12"><span class='ocrx_word' id='word_1_115' title='bbox 474 1830 573 1875; x_wconf 87' lang='lat' dir='ltr'>Pan</span> <span class='ocrx_word' id='word_1_116' title='bbox 597 1830 725 1876; x_wconf 89' lang='lat' dir='ltr'>Deus</span> <span class='ocrx_word' id='word_1_117' title='bbox 747 1829 957 1875; x_wconf 88' lang='lat' dir='ltr'>Arcadiae</span> <span class='ocrx_word' id='word_1_118' title='bbox 978 1835 1158 1888; x_wconf 88' lang='lat' dir='ltr'>captam</span> <span class='ocrx_word' id='word_1_119' title='bbox 1178 1836 1239 1882; x_wconf 86' lang='lat' dir='ltr'>te,</span> <span class='ocrx_word' id='word_1_120' title='bbox 1263 1828 1409 1881; x_wconf 87' lang='lat' dir='ltr'>Luna,</span> <span class='ocrx_word' id='word_1_121' title='bbox 1433 1828 1604 1882; x_wconf 82' lang='lat' dir='ltr'>fefellit,</span> 
     </span>
     <span class='ocr_line' id='line_1_18' title="bbox 475 1905 1796 1965; baseline -0.002 -15"><span class='ocrx_word' id='word_1_122' title='bbox 475 1905 531 1950; x_wconf 93' lang='lat' dir='ltr'>In</span> <span class='ocrx_word' id='word_1_123' title='bbox 553 1920 741 1950; x_wconf 89' lang='lat' dir='ltr'>nemora</span> <span class='ocrx_word' id='word_1_124' title='bbox 761 1906 852 1949; x_wconf 82' lang='lat' dir='ltr'>alta</span> <span class='ocrx_word' id='word_1_125' title='bbox 871 1918 1040 1950; x_wconf 88' lang='lat' dir='ltr'>vocans</span> <span class='ocrx_word' id='word_1_126' title='bbox 1057 1921 1071 1957; x_wconf 92' lang='lat'>;</span> <span class='ocrx_word' id='word_1_127' title='bbox 1104 1919 1188 1948; x_wconf 90' lang='lat' dir='ltr'>nec</span> <span class='ocrx_word' id='word_1_128' title='bbox 1210 1911 1263 1948; x_wconf 88' lang='lat' dir='ltr'>tu</span> <span class='ocrx_word' id='word_1_129' title='bbox 1284 1910 1522 1963; x_wconf 88' lang='lat' dir='ltr'>aspernata</span> <span class='ocrx_word' id='word_1_130' title='bbox 1541 1910 1796 1965; x_wconf 77' lang='lat' dir='ltr'>vocantem.</span> 
     </span>
    </p>
   </div>
   <div class='ocr_carea' id='block_1_6' title="bbox 229 2001 2040 2186">
    <p class='ocr_par' dir='ltr' id='par_1_7' title="bbox 229 2001 2040 2186">
     <span class='ocr_line' id='line_1_19' title="bbox 233 2001 2040 2090; baseline -0.002 -26"><span class='ocrx_word' id='word_1_131' title='bbox 233 2007 316 2090; x_wconf 83' lang='lat' dir='ltr'>Et</span> <span class='ocrx_word' id='word_1_132' title='bbox 356 2026 489 2083; x_wconf 84' lang='lat' dir='ltr'>quae</span> <span class='ocrx_word' id='word_1_133' title='bbox 534 2005 857 2073; x_wconf 90' lang='lat' dir='ltr'>adduntur,</span> <span class='ocrx_word' id='word_1_134' title='bbox 905 2004 1149 2081; x_wconf 89' lang='lat' dir='ltr'>depicto</span> <span class='ocrx_word' id='word_1_135' title='bbox 1196 2003 1547 2082; x_wconf 89' lang='lat' dir='ltr'>diligentius</span> <span class='ocrx_word' id='word_1_136' title='bbox 1594 2001 1763 2081; x_wconf 89' lang='lat' dir='ltr'>pullo</span> <span class='ocrx_word' id='word_1_137' title='bbox 1809 2002 2040 2080; x_wconf 87' lang='lat' dir='ltr'>pecoris</span> 
     </span>
     <span class='ocr_line' id='line_1_20' title="bbox 229 2102 558 2186; baseline -0.006 -20"><span class='ocrx_word' id='word_1_138' title='bbox 229 2106 506 2186; x_wconf 88' lang='lat' dir='ltr'>generosi</span> <span class='ocrx_word' id='word_1_139' title='bbox 526 2102 558 2164; x_wconf 86' lang='lat'>¹.</span> 
     </span>
    </p>
   </div>
   <div class='ocr_carea' id='block_1_7' title="bbox 472 2214 1636 2425">
    <p class='ocr_par' dir='ltr' id='par_1_8' title="bbox 472 2214 1636 2425">
     <span class='ocr_line' id='line_1_21' title="bbox 472 2214 1500 2276; baseline -0.004 -14"><span class='ocrx_word' id='word_1_140' title='bbox 472 2217 596 2262; x_wconf 87' lang='lat' dir='ltr'>Talis</span> <span class='ocrx_word' id='word_1_141' title='bbox 617 2216 842 2276; x_wconf 87' lang='lat' dir='ltr'>Amyclaei</span> <span class='ocrx_word' id='word_1_142' title='bbox 863 2215 1065 2260; x_wconf 87' lang='lat' dir='ltr'>domitus</span> <span class='ocrx_word' id='word_1_143' title='bbox 1089 2215 1288 2260; x_wconf 88' lang='lat' dir='ltr'>Pollucis</span> <span class='ocrx_word' id='word_1_144' title='bbox 1310 2214 1500 2259; x_wconf 84' lang='lat' dir='ltr'>habenis</span> 
     </span>
     <span class='ocr_line' id='line_1_22' title="bbox 475 2287 1596 2350; baseline -0.004 -14"><span class='ocrx_word' id='word_1_145' title='bbox 475 2291 702 2350; x_wconf 84' lang='lat' dir='ltr'>Cyllarus,</span> <span class='ocrx_word' id='word_1_146' title='bbox 725 2297 770 2335; x_wconf 88' lang='lat' dir='ltr'>et</span> <span class='ocrx_word' id='word_1_147' title='bbox 792 2304 990 2349; x_wconf 89' lang='lat' dir='ltr'>quorum</span> <span class='ocrx_word' id='word_1_148' title='bbox 1013 2288 1138 2334; x_wconf 85' lang='lat' dir='ltr'>Graii</span> <span class='ocrx_word' id='word_1_149' title='bbox 1159 2289 1406 2333; x_wconf 89' lang='lat' dir='ltr'>meminere</span> <span class='ocrx_word' id='word_1_150' title='bbox 1428 2287 1596 2340; x_wconf 78' lang='lat' dir='ltr'>Poetae,</span> 
     </span>
     <span class='ocr_line' id='line_1_23' title="bbox 473 2362 1636 2425; baseline -0.004 -14"><span class='ocrx_word' id='word_1_151' title='bbox 473 2367 638 2411; x_wconf 89' lang='lat' dir='ltr'>Martis</span> <span class='ocrx_word' id='word_1_152' title='bbox 660 2364 765 2425; x_wconf 87' lang='lat' dir='ltr'>equi</span> <span class='ocrx_word' id='word_1_153' title='bbox 784 2364 979 2424; x_wconf 74' lang='lat' dir='ltr'>bijuges,</span> <span class='ocrx_word' id='word_1_154' title='bbox 1003 2370 1046 2408; x_wconf 93' lang='lat' dir='ltr'>et</span> <span class='ocrx_word' id='word_1_155' title='bbox 1066 2363 1225 2423; x_wconf 87' lang='lat' dir='ltr'>magni</span> <span class='ocrx_word' id='word_1_156' title='bbox 1246 2377 1407 2408; x_wconf 88' lang='lat' dir='ltr'>currus</span> <span class='ocrx_word' id='word_1_157' title='bbox 1430 2362 1636 2407; x_wconf 84' lang='lat' dir='ltr'>Achillis.</span> 
     </span>
    </p>
   </div>
   <div class='ocr_carea' id='block_1_8' title="bbox 225 2461 2039 3459">
    <p class='ocr_par' dir='ltr' id='par_1_9' title="bbox 227 2461 2039 3142">
     <span class='ocr_line' id='line_1_24' title="bbox 317 2461 2036 2544; baseline -0.003 -19"><span class='ocrx_word' id='word_1_158' title='bbox 317 2467 542 2544; x_wconf 91' lang='lat' dir='ltr'>Neque</span> <span class='ocrx_word' id='word_1_159' title='bbox 574 2484 714 2523; x_wconf 87' lang='lat' dir='ltr'>vero</span> <span class='ocrx_word' id='word_1_160' title='bbox 746 2464 808 2522; x_wconf 93' lang='lat' dir='ltr'>id</span> <span class='ocrx_word' id='word_1_161' title='bbox 845 2471 1088 2522; x_wconf 90' lang='lat' dir='ltr'>tantum</span> <span class='ocrx_word' id='word_1_162' title='bbox 1133 2462 1470 2531; x_wconf 87' lang='lat' dir='ltr'>laudamus,</span> <span class='ocrx_word' id='word_1_163' title='bbox 1502 2461 1664 2538; x_wconf 88' lang='lat' dir='ltr'>quod</span> <span class='ocrx_word' id='word_1_164' title='bbox 1705 2461 2036 2539; x_wconf 85' lang='lat' dir='ltr'>agrestium</span> 
     </span>
     <span class='ocr_line' id='line_1_25' title="bbox 228 2555 2039 2647; baseline -0.005 -20"><span class='ocrx_word' id='word_1_165' title='bbox 228 2569 410 2647; x_wconf 90' lang='lat' dir='ltr'>plane</span> <span class='ocrx_word' id='word_1_166' title='bbox 461 2555 630 2625; x_wconf 78' lang='lat' dir='ltr'>more</span> <span class='ocrx_word' id='word_1_167' title='bbox 681 2566 985 2642; x_wconf 87' lang='lat' dir='ltr'>modoque</span> <span class='ocrx_word' id='word_1_168' title='bbox 1038 2562 1379 2622; x_wconf 89' lang='lat' dir='ltr'>historiolas</span> <span class='ocrx_word' id='word_1_169' title='bbox 1437 2561 1570 2620; x_wconf 91' lang='lat' dir='ltr'>illas</span> <span class='ocrx_word' id='word_1_170' title='bbox 1623 2561 1850 2619; x_wconf 90' lang='lat' dir='ltr'>attexit</span> <span class='ocrx_word' id='word_1_171' title='bbox 1895 2559 2039 2622; x_wconf 88' lang='lat' dir='ltr'>Vir-</span> 
     </span>
     <span class='ocr_line' id='line_1_26' title="bbox 228 2660 2036 2748; baseline -0.005 -22"><span class='ocrx_word' id='word_1_172' title='bbox 228 2668 445 2748; x_wconf 89' lang='lat' dir='ltr'>gilius;</span> <span class='ocrx_word' id='word_1_173' title='bbox 503 2687 712 2727; x_wconf 89' lang='lat' dir='ltr'>verum</span> <span class='ocrx_word' id='word_1_174' title='bbox 759 2665 945 2724; x_wconf 89' lang='lat' dir='ltr'>etiam</span> <span class='ocrx_word' id='word_1_175' title='bbox 994 2664 1363 2723; x_wconf 87' lang='lat' dir='ltr'>admiramur</span> <span class='ocrx_word' id='word_1_176' title='bbox 1407 2681 1507 2721; x_wconf 92' lang='lat' dir='ltr'>eas</span> <span class='ocrx_word' id='word_1_177' title='bbox 1555 2660 1928 2739; x_wconf 88' lang='lat' dir='ltr'>deligentem</span> <span class='ocrx_word' id='word_1_178' title='bbox 1973 2660 2036 2717; x_wconf 92' lang='lat' dir='ltr'>in</span> 
     </span>
     <span class='ocr_line' id='line_1_27' title="bbox 229 2762 2036 2845; baseline -0.006 -18"><span class='ocrx_word' id='word_1_179' title='bbox 229 2787 590 2845; x_wconf 90' lang='lat' dir='ltr'>unaquaque</span> <span class='ocrx_word' id='word_1_180' title='bbox 613 2764 836 2825; x_wconf 85' lang='lat' dir='ltr'>fabella</span> <span class='ocrx_word' id='word_1_181' title='bbox 866 2783 976 2833; x_wconf 82' lang='lat' dir='ltr'>reS,</span> <span class='ocrx_word' id='word_1_182' title='bbox 1003 2783 1134 2841; x_wconf 87' lang='lat' dir='ltr'>quae</span> <span class='ocrx_word' id='word_1_183' title='bbox 1164 2762 1543 2841; x_wconf 89' lang='lat' dir='ltr'>potissimum</span> <span class='ocrx_word' id='word_1_184' title='bbox 1570 2766 1840 2818; x_wconf 87' lang='lat' dir='ltr'>venturae</span> <span class='ocrx_word' id='word_1_185' title='bbox 1864 2765 2036 2817; x_wconf 87' lang='lat' dir='ltr'>erant</span> 
     </span>
     <span class='ocr_line' id='line_1_28' title="bbox 227 2857 2032 2926; baseline -0.005 -2"><span class='ocrx_word' id='word_1_186' title='bbox 227 2868 290 2926; x_wconf 90' lang='lat' dir='ltr'>in</span> <span class='ocrx_word' id='word_1_187' title='bbox 342 2868 612 2926; x_wconf 91' lang='lat' dir='ltr'>animum</span> <span class='ocrx_word' id='word_1_188' title='bbox 665 2865 903 2924; x_wconf 83' lang='lat' dir='ltr'>rusticis</span> <span class='ocrx_word' id='word_1_189' title='bbox 962 2863 1308 2921; x_wconf 86' lang='lat' dir='ltr'>hominibus</span> <span class='ocrx_word' id='word_1_190' title='bbox 1360 2861 1574 2920; x_wconf 90' lang='lat' dir='ltr'>eadem</span> <span class='ocrx_word' id='word_1_191' title='bbox 1634 2857 2032 2917; x_wconf 90' lang='lat' dir='ltr'>narrantibus.</span> 
     </span>
     <span class='ocr_line' id='line_1_29' title="bbox 230 2960 1685 3042; baseline -0.005 -17"><span class='ocrx_word' id='word_1_192' title='bbox 230 2965 600 3025; x_wconf 83' lang='lat' dir='ltr'>Exundante</span> <span class='ocrx_word' id='word_1_193' title='bbox 629 2965 843 3042; x_wconf 93' lang='lat' dir='ltr'>utique</span> <span class='ocrx_word' id='word_1_194' title='bbox 878 2962 1043 3031; x_wconf 83' lang='lat' dir='ltr'>Nilo,</span> <span class='ocrx_word' id='word_1_195' title='bbox 1074 2981 1223 3041; x_wconf 89' lang='lat' dir='ltr'>gens</span> <span class='ocrx_word' id='word_1_196' title='bbox 1253 2960 1372 3029; x_wconf 90' lang='lat' dir='ltr'>illa,</span> <span class='ocrx_word' id='word_1_197' title='bbox 1406 2960 1605 3037; x_wconf 91' lang='lat' dir='ltr'>inquit</span> <span class='ocrx_word' id='word_1_198' title='bbox 1626 2967 1685 3027; x_wconf 80' lang='lat'>¹¹¹,</span> 
     </span>
     <span class='ocr_line' id='line_1_30' title="bbox 614 3079 1607 3142; baseline -0.005 -14"><span class='ocrx_word' id='word_1_199' title='bbox 614 3084 785 3128; x_wconf 90' lang='lat' dir='ltr'>circum</span> <span class='ocrx_word' id='word_1_200' title='bbox 806 3083 938 3142; x_wconf 86' lang='lat' dir='ltr'>pictis</span> <span class='ocrx_word' id='word_1_201' title='bbox 961 3081 1142 3128; x_wconf 87' lang='lat' dir='ltr'>vehitur</span> <span class='ocrx_word' id='word_1_202' title='bbox 1164 3096 1248 3126; x_wconf 87' lang='lat' dir='ltr'>sua</span> <span class='ocrx_word' id='word_1_203' title='bbox 1267 3095 1375 3126; x_wconf 86' lang='lat' dir='ltr'>rura</span> <span class='ocrx_word' id='word_1_204' title='bbox 1394 3079 1607 3139; x_wconf 85' lang='lat' dir='ltr'>phaselis.</span> 
     </span>
    </p>

    <p class='ocr_par' dir='ltr' id='par_1_10' title="bbox 225 3172 2035 3459">
     <span class='ocr_line' id='line_1_31' title="bbox 227 3172 2035 3258; baseline -0.006 -16"><span class='ocrx_word' id='word_1_205' title='bbox 227 3182 549 3242; x_wconf 88' lang='lat' dir='ltr'>Videtisne</span> <span class='ocrx_word' id='word_1_206' title='bbox 594 3202 728 3241; x_wconf 91' lang='lat' dir='ltr'>eam</span> <span class='ocrx_word' id='word_1_207' title='bbox 777 3180 987 3240; x_wconf 90' lang='lat' dir='ltr'>sedulo</span> <span class='ocrx_word' id='word_1_208' title='bbox 1040 3180 1183 3258; x_wconf 89' lang='lat' dir='ltr'>poni</span> <span class='ocrx_word' id='word_1_209' title='bbox 1231 3178 1577 3257; x_wconf 91' lang='lat' dir='ltr'>imaginem,</span> <span class='ocrx_word' id='word_1_210' title='bbox 1623 3195 1755 3253; x_wconf 87' lang='lat' dir='ltr'>quae</span> <span class='ocrx_word' id='word_1_211' title='bbox 1806 3172 2035 3252; x_wconf 91' lang='lat' dir='ltr'>simpli-</span> 
     </span>
     <span class='ocr_line' id='line_1_32' title="bbox 226 3274 2030 3350; baseline -0.004 -12"><span class='ocrx_word' id='word_1_212' title='bbox 226 3281 387 3338; x_wconf 90' lang='lat' dir='ltr'>cium</span> <span class='ocrx_word' id='word_1_213' title='bbox 444 3280 795 3338; x_wconf 89' lang='lat' dir='ltr'>colonorum</span> <span class='ocrx_word' id='word_1_214' title='bbox 856 3280 1088 3338; x_wconf 88' lang='lat' dir='ltr'>animos</span> <span class='ocrx_word' id='word_1_215' title='bbox 1142 3279 1537 3336; x_wconf 88' lang='lat' dir='ltr'>vehementer</span> <span class='ocrx_word' id='word_1_216' title='bbox 1592 3274 1793 3334; x_wconf 86' lang='lat' dir='ltr'>trahat</span> <span class='ocrx_word' id='word_1_217' title='bbox 1845 3281 2030 3350; x_wconf 87' lang='lat' dir='ltr'>atque</span> 
     </span>
     <span class='ocr_line' id='line_1_33' title="bbox 225 3379 460 3459; baseline 0 -21"><span class='ocrx_word' id='word_1_218' title='bbox 225 3379 460 3459; x_wconf 75' lang='lat' dir='ltr'>erigat?</span> 
     </span>
    </p>
   </div>
   <div class='ocr_carea' id='block_1_9' title="bbox 470 3108 592 3118">
    <p class='ocr_par' dir='ltr' id='par_1_11' title="bbox 470 3108 592 3118">
     <span class='ocr_line' id='line_1_34' title="bbox 470 3108 592 3118; baseline 0 0"><span class='ocrx_word' id='word_1_219' title='bbox 470 3108 592 3118; x_wconf 95' lang='lat' dir='ltr'> </span> 
     </span>
    </p>
   </div>
   <div class='ocr_carea' id='block_1_10' title="bbox 284 3521 1974 3591">
    <p class='ocr_par' dir='ltr' id='par_1_12' title="bbox 284 3521 1974 3591">
     <span class='ocr_line' id='line_1_35' title="bbox 284 3521 1974 3591; baseline -0.008 -14"><span class='ocrx_word' id='word_1_220' title='bbox 284 3532 297 3565; x_wconf 85' lang='lat' dir='ltr'>i</span> <span class='ocrx_word' id='word_1_221' title='bbox 319 3533 423 3577; x_wconf 79' lang='lat' dir='ltr'>Ecl.</span> <span class='ocrx_word' id='word_1_222' title='bbox 447 3544 490 3591; x_wconf 90' lang='lat'>5.</span> <span class='ocrx_word' id='word_1_223' title='bbox 517 3543 588 3591; x_wconf 89' lang='lat'>70.</span> <span class='ocrx_word' id='word_1_224' title='bbox 712 3531 737 3563; x_wconf 67' lang='lat'>¹⁴</span> <span class='ocrx_word' id='word_1_225' title='bbox 761 3531 874 3576; x_wconf 84' lang='lat' dir='ltr'>Ibid.</span> <span class='ocrx_word' id='word_1_226' title='bbox 899 3546 942 3590; x_wconf 85' lang='lat'>3.</span> <span class='ocrx_word' id='word_1_227' title='bbox 967 3545 1071 3589; x_wconf 87' lang='lat'><strong>391.</strong></span> <span class='ocrx_word' id='word_1_228' title='bbox 1196 3527 1210 3559; x_wconf 90' lang='lat'>1</span> <span class='ocrx_word' id='word_1_229' title='bbox 1232 3527 1347 3572; x_wconf 80' lang='lat' dir='ltr'>Ibid.</span> <span class='ocrx_word' id='word_1_230' title='bbox 1371 3528 1445 3585; x_wconf 84' lang='lat'>89.</span> <span class='ocrx_word' id='word_1_231' title='bbox 1602 3531 1640 3554; x_wconf 77' lang='lat'>¹¹²</span> <span class='ocrx_word' id='word_1_232' title='bbox 1663 3521 1778 3567; x_wconf 75' lang='lat' dir='ltr'>Ibid.</span> <span class='ocrx_word' id='word_1_233' title='bbox 1802 3537 1845 3577; x_wconf 89' lang='lat'>4.</span> <span class='ocrx_word' id='word_1_234' title='bbox 1872 3521 1974 3579; x_wconf 86' lang='lat'>289.</span> 
     </span>
    </p>
   </div>
   <div class='ocr_carea' id='block_1_11' title="bbox 2191 1737 2280 4036">
    <p class='ocr_par' dir='ltr' id='par_1_13' title="bbox 2191 1737 2280 4036">
     <span class='ocr_line' id='line_1_36' title="bbox 2191 1737 2280 4036; baseline 0 0"><span class='ocrx_word' id='word_1_235' title='bbox 2191 1737 2280 4036; x_wconf 95' lang='lat' dir='ltr'> </span> 
     </span>
    </p>
   </div>
  </div>
 </body>
</html>
