2288 4036
253 191 371 246 570
665 190 956 262 OEdipodis
978 190 1131 262 apud
1155 190 1404 245 Colonum
1431 191 1583 244 laus,-
1686 211 1833 245 rrum.
1873 212 2069 246 xxvm.

257 339 538 415 prosequi
577 304 858 406 solemus,
890 357 1072 414 quam
1107 357 1317 395 eorum
1349 359 1487 416 quae
1533 348 1798 418 aguntur
1838 347 2071 400 tenore.

261 433 494 493 Fabula
525 435 671 511 ipsa,
705 455 826 492 non
859 435 1177 511 OEdipodis
1219 455 1489 512 persona,
1522 437 1760 513 capitur
1800 457 1870 495 ac
1908 438 2075 495 dele-

258 533 429 592 nitur
455 552 662 591 mens:
711 553 850 609 quae
896 552 991 617 res
1031 533 1343 610 voluptate
1375 535 1622 611 quidem
1668 554 1776 593 sua
1819 536 2073 593 minime

260 640 462 702 caret3
510 652 585 689 an
624 650 760 689 vero
800 651 872 689 ea
902 631 1183 708 voluptas
1223 632 1500 710 legitime
1543 633 1883 711 assignetur
1913 634 2069 692 Poe-

259 738 461 790 tarum
494 732 628 799 arti,
662 750 785 788 non
816 731 931 788 erit
962 730 1141 806 hujus
1173 732 1540 807 quaestionis.

347 828 465 887 His
510 830 719 907 itaque
764 829 841 888 ad
883 838 1126 906 tempus
1164 830 1414 899 omissiS,
1450 831 1761 889 veniamus
1806 830 1882 889 ad
1923 830 2072 890 alte-

258 947 387 987 ram
434 928 602 986 illam
634 930 801 1006 quasi
850 930 1021 1007 regni
1062 930 1285 1006 poetici
1328 930 1718 1006 provinciam,
1750 949 1931 1006 quam
1963 929 2078 1002 (fa-

259 1036 395 1086 teor
426 1028 617 1104 enirn)
654 1048 823 1106 paene
863 1029 1149 1097 adducor,
1180 1035 1251 1086 ut
1283 1028 1572 1106 Sophocli
1615 1028 2073 1088 concedendum

258 1135 508 1204 putem:
564 1147 748 1205 quam
794 1129 984 1187 nostis
1029 1129 1242 1205 utique
1289 1129 1466 1186 sitam
1522 1148 1653 1187 esse
1701 1128 1763 1186 in
1814 1127 2078 1188 Naturae

259 1235 444 1304 atque
486 1228 551 1285 in
596 1227 866 1286 locorum
915 1227 1253 1286 admonitu.
1344 1226 1557 1305 Atque
1604 1229 1664 1285 in
1717 1248 1790 1286 eo
1834 1247 2076 1306 genere,

260 1345 556 1385 consensu
613 1328 906 1396 omnium,
955 1328 1177 1404 primas
1231 1327 1394 1385 inter
1445 1326 1788 1406 Sophoclea
1840 1326 2076 1384 tenebit

261 1433 396 1485 tum
429 1425 753 1485 dulcedine
794 1434 928 1507 tum
973 1426 1292 1504 gravitate,
1320 1426 1583 1504 OEdipus
1622 1427 1726 1486 ille
1767 1426 1926 1504 apud
1959 1425 2078 1484 Co-

262 1523 493 1584 lonum.
586 1525 793 1585 Senex
859 1527 1147 1584 nimirum
1209 1525 1544 1604 Sophocles
1597 1547 1735 1585 cum
1785 1525 2076 1603 OEdipum

262 1643 472 1683 senem
517 1626 581 1682 in
626 1645 763 1684 suas
813 1624 1094 1683 Athenas
1140 1626 1487 1696 deduceret,
1518 1646 1656 1702 quae
1703 1624 1904 1683 fatalis
1948 1631 2080 1682 erat

262 1723 552 1800 OEdipodi
589 1726 846 1801 requies,
879 1744 1001 1782 non
1044 1726 1246 1802 potuit
1287 1745 1407 1783 non
1457 1725 1797 1783 mirandum
1842 1725 1906 1781 in
1949 1743 2080 1781 mo-

264 1824 412 1882 dum
473 1825 862 1894 commoveri,
923 1825 1084 1882 notis
1144 1823 1311 1894 lociS,
1370 1825 1665 1882 memoria
1714 1824 2077 1902 juventuti&

265 1943 477 1983 eorum
525 1943 665 1982 cum
715 1925 923 2001 primis
969 1924 1291 1982 numinum
1346 1924 1681 2001 praesentia,
1728 1943 1879 2000 quae,
1930 1943 2082 2000 puer

264 2043 405 2083 cum
460 2031 638 2092 esset,
684 2023 813 2100 ipse
859 2042 1000 2081 cum
1053 2023 1176 2081 suis
1225 2022 1514 2081 coluerat.
1607 2022 1849 2081 Deinde
1896 2041 2079 2098 quam

266 2131 545 2184 sanctum
587 2122 761 2194 illud,
793 2142 975 2200 quam
1016 2143 1216 2201 grave,
1249 2144 1431 2200 quam
1479 2122 1660 2202 longe
1705 2130 2010 2181 remotum
2045 2142 2083 2180 a

266 2223 500 2301 vulgari
532 2222 647 2281 hac
678 2224 824 2280 vitae
859 2223 1317 2292 consuetudine,
1339 2223 1503 2300 quod
1530 2223 1750 2281 Manes
1781 2223 2081 2300 praecipue

266 2322 564 2400 benignos
603 2323 829 2381 habeat
872 2321 1240 2380 non'solum
1288 2320 1503 2381 Attica
1551 2341 1674 2391 sua,
1720 2328 2081 2380 cunctorum

267 2422 497 2499 ubique
549 2422 909 2480 miserorum
957 2423 1298 2479 communis
1350 2428 1561 2499 portus
1607 2428 1670 2479 et
1716 2420 2082 2499 perfugium,

269 2541 482 2580 verum
522 2522 710 2600 ipsius
750 2540 991 2598 quoque
1040 2521 1440 2599 municipium
1493 2541 1562 2580 ac
1612 2520 1809 2580 solum
1861 2519 2084 2588 natale,

269 2621 458 2679 immo
509 2622 695 2678 etiam
745 2640 906 2689 saxa,
954 2620 1171 2688 fonteS,
1217 2619 1476 2688 arboreS,
1523 2619 1742 2696 quibus
1790 2638 1826 2676 a
1873 2624 2085 2676 tenera

270 2720 656 2798 potissimum
694 2726 881 2779 aetate
918 2719 1281 2777 insueverat.
1373 2716 1667 2794 Properat
1697 2718 1911 2793 utique
1942 2716 2086 2774 Tra-

270 2819 485 2898 goediae
525 2819 700 2877 initio
740 2819 1118 2877 mentionem
1161 2817 1359 2875 facere
1401 2816 1674 2875 locorum
1710 2816 1823 2875 sibi
1856 2815 2089 2874 carissi-

270 2938 512 2976 morum
533 2928 576 2988 8,

574 3013 714 3074 πατέρ
738 3011 980 3072 ταλαίπωρ’
1008 3010 1208 3067 Οἰδίπου,
1230 3013 1395 3074 πυργοὶ
1416 3013 1511 3072 μὲν,
1535 3010 1578 3058 οἳ

576 3082 711 3132 πόλιν
732 3088 989 3147 στέγουσιν,
1013 3088 1071 3134 ὡς
1092 3087 1164 3132 ἀπ’
1188 3087 1409 3146 ὀμμάτων,
1432 3089 1607 3146 πρόσω·

577 3166 725 3222 χῶρος
745 3161 782 3206 δ’
807 3160 870 3206 ὅδ’
894 3163 1025 3220 ἱερὸς,
1049 3161 1107 3207 ὣς
1130 3161 1384 3214 ἀπεικάσαι,
1406 3159 1557 3221 βρύων

581 3234 766 3293 δάφνης,
791 3233 957 3286 ἐλαίας,
979 3233 1196 3289 ἀμπέλου·
1230 3235 1525 3292 πυκνόπτεροι
1548 3230 1585 3277 δ’

579 3306 689 3354 εἴσω
711 3306 802 3353 κατ’
826 3308 959 3354 αὐτὸν
981 3305 1249 3365 εὖστομοῦσ’
1270 3307 1465 3364 ἀηδόνες.

580 3380 632 3427 οὗ
655 3384 776 3427 κῶλα
797 3382 980 3442 κάμψον
999 3381 1102 3443 τῷδ’
1125 3381 1190 3428 ἐπ’
1213 3381 1389 3442 ἀξέστῳ
1412 3381 1575 3442 πέτρῳ.

366 3480 484 3541 His
515 3481 746 3559 optime
782 3481 1151 3558 respondent
1188 3488 1321 3537 tum
1361 3480 1523 3537 omni
1562 3478 1828 3537 carmine
1868 3475 2085 3553 saepius

994 3656 1019 3687 g
1045 3647 1149 3692 (Ed.
1179 3647 1274 3692 Col.
1302 3662 1371 3702 14.
