2288 4036
149 281 304 315 PRAEL.
325 281 472 313 xxm.
548 260 804 313 interdum
828 268 993 312 tamen
1020 260 1380 313 excusationem
1404 259 1591 312 habere.
1793 264 1895 319 591

150 405 651 481 reprehendantur
692 403 886 479 magni
928 403 1271 478 scriptores:
1317 401 1453 458 nolo
1490 402 1690 458 statim
1722 403 1902 459 confi—

153 503 294 559 dant
339 501 621 566 homineS,
658 506 862 575 patere
910 500 1019 556 sibi
1060 499 1242 556 semel
1287 499 1736 574 inspicientibus
1777 518 1902 555 om-

152 616 284 655 nem
316 596 580 671 praeclari
611 596 897 670 poematis
927 596 1235 652 rationem.
1318 594 1460 651 Non
1491 596 1650 651 enim
1681 596 1900 662 statim,

153 712 284 768 quae
314 711 411 747 me
444 691 534 748 vel
570 699 631 748 te
661 692 951 758 fefellerit,
984 692 1273 748 surdiores
1303 692 1565 759 fortasse,
1596 690 1759 746 nulla
1789 691 1902 746 erit

150 789 468 846 harmonia.
558 787 835 863 Exempli
894 788 1023 845 loco
1076 789 1150 845 sit
1208 788 1309 844 illa
1359 787 1669 854 cantilena,
1723 805 1900 861 quam

151 888 397 960 primam
442 886 600 941 canit
645 884 855 941 chorus
898 885 959 941 in
997 884 1268 953 Hecuba,
1314 905 1429 959 qua
1472 884 1554 940 nil
1601 884 1774 941 facile
1814 885 1902 939 in-

150 984 347 1038 venias
376 1001 566 1055 neque
597 982 658 1037 in
688 1001 749 1038 se
780 982 1024 1049 dulciuS‚
1056 1001 1248 1056 neque
1290 981 1418 1038 loco
1458 981 1652 1038 minus
1693 965 1902 1056 oppor4-

151 1085 378 1134 tunum.
469 1078 703 1152 Nempe
734 1079 972 1134 arrectis
1003 1097 1137 1134 cum
1182 1078 1440 1134 maxime
1481 1078 1689 1133 animis
1730 1095 1901 1152 prop-

150 1182 242 1231 ter
290 1175 700 1230 imminentem
749 1174 1066 1250 Polyxenae
1114 1175 1350 1241 caedem,
1401 1173 1654 1231 Hecuba
1704 1192 1900 1230 coram

150 1272 313 1327 humi
332 1273 587 1345 jacente,
604 1271 871 1346 juvenile
897 1272 1094 1328 nescio
1115 1271 1254 1346 quid
1281 1272 1532 1346 virgines
1559 1271 1899 1328 effundunt:

148 1368 432 1425 mirantur
454 1369 646 1435 modo,
673 1388 816 1442 quas
847 1370 1086 1425 tandem
1110 1369 1172 1424 in
1196 1388 1323 1425 oras
1343 1367 1585 1425 Graeciae
1608 1368 1725 1424 sint
1754 1369 1898 1442 ipsae

147 1465 208 1519 in
237 1465 583 1521 servitutem
613 1466 857 1522 abiturae
875 1461 906 1520 ¹.

555 1588 677 1643 αὔρα,
699 1585 874 1631 ποντιὰς
895 1587 1018 1642 αὔρα,

550 1656 626 1701 ὅτε
645 1659 939 1714 ποντοπόρους
960 1657 1143 1713 κομίζεις

555 1730 657 1775 θοὰς
676 1730 857 1775 ἀκάτους
878 1728 943 1773 ἐπ’
966 1727 1092 1785 οἶδμα
1111 1728 1279 1785 λίμνας,

553 1805 629 1847 ποῖ
648 1821 701 1859 με
722 1803 799 1846 τὰν
818 1801 976 1858 μελέαν
996 1800 1226 1857 πορεύσεις
1238 1819 1252 1852 5

148 1916 391 1991 Ecquid,
422 1917 678 1983 obsecre,
706 1917 796 1973 his
827 1935 963 1972 cum
996 1914 1288 1972 Hecuba?
1335 1916 1436 1972 sed
1467 1922 1667 1971 tamen
1699 1923 1760 1972 et
1790 1916 1896 1984 his,

145 2015 203 2070 ni
234 2014 418 2078 fallor,
451 2015 756 2070 excusatio
797 2032 901 2069 sua
940 2032 1057 2069 non
1089 2030 1322 2087 prorsus
1354 2013 1559 2069 deerit.
1649 2012 1807 2080 Quid
1851 2014 1898 2069 si

147 2118 385 2187 tangere
432 2111 681 2168 voluerit
742 2110 1007 2185 Scriptor
1058 2129 1373 2166 commune
1433 2108 1580 2165 illud
1631 2110 1898 2165 omnium

145 2207 328 2263 ferme
378 2207 734 2275 mortalium,
781 2207 937 2281 quod
988 2208 1048 2262 in
1099 2204 1440 2282 gravissima
1490 2206 1897 2281 proximorum

145 2303 321 2359 etiam
367 2303 532 2360 clade
577 2304 695 2361 suis
740 2311 940 2360 tamen
971 2313 1182 2360 vacent
1213 2304 1382 2369 curiS,
1415 2309 1475 2358 et
1512 2302 1740 2358 levibus
1771 2303 1898 2376 qui-

145 2398 317 2455 dem?
405 2399 562 2467 Quid
608 2400 654 2456 si
702 2400 880 2456 fessas
925 2399 1090 2456 fatali
1143 2400 1359 2455 nuncio
1404 2417 1573 2455 aures
1622 2416 1896 2455 revocare

143 2494 434 2570 paulisper
463 2497 789 2552 decreverit
829 2498 888 2552 in
934 2495 1354 2570 tranquilliora,
1387 2515 1503 2570 quo
1544 2496 1662 2551 ritu
1693 2503 1897 2551 amant

142 2589 438 2647 interdum
470 2590 768 2649 Homerus
813 2599 875 2649 et
913 2592 1217 2649 Homerici
1261 2592 1456 2648 media
1495 2592 1650 2647 inter
1692 2590 1896 2666 praelia

142 2687 586 2744 similitudinem
631 2690 926 2763 quandam
974 2688 1197 2756 afferre,
1228 2708 1357 2763 quae
1401 2690 1626 2745 animos
1669 2688 1895 2745 reficiat

143 2785 422 2841 memoria
451 2803 554 2841 seu
584 2787 730 2842 ruris
769 2786 892 2842 sive
933 2786 1242 2860 sylvarum,
1276 2785 1395 2841 sive
1427 2786 1607 2841 etiam
1645 2785 1893 2860 placidae

142 2886 202 2935 et
232 2880 429 2937 otiosae
460 2881 634 2938 vitae?
702 2881 861 2950 Quid
892 2883 1193 2956 quaeritis?
1242 2882 1302 2937 in
1333 2882 1668 2957 hujusmodi
1706 2884 1893 2939 causis

141 2975 318 3032 etiam
362 2986 540 3051 atque
585 2978 765 3034 etiam
802 2979 1138 3045 videndum,
1171 2997 1245 3035 ne
1289 2987 1391 3035 aut
1436 2997 1745 3054 personam
1790 2979 1894 3036 ali-

141 3090 315 3145 quam
354 3073 602 3130 deceant
647 3093 717 3130 ea
760 3093 894 3148 quae
939 3074 1107 3130 nobis
1151 3076 1386 3149 pariunt
1431 3073 1751 3143 fastidium,
1788 3082 1892 3132 aut

139 3176 321 3244 gratae
351 3171 655 3244 cujusdam
686 3171 985 3227 varietatis
1020 3190 1157 3247 ergo
1189 3172 1595 3228 adhibeantur.

223 3263 451 3322 Verum
495 3276 562 3323 ut
601 3267 725 3324 haec
770 3267 1023 3342 plurima
1062 3287 1227 3324 suam
1269 3269 1671 3325 defensionem
1712 3268 1891 3325 habe-

140 3367 260 3428 ant,
290 3361 477 3418 fateor
519 3371 719 3421 tamen
764 3365 902 3420 inde
945 3366 1220 3441 mitigari,
1264 3384 1384 3422 non
1425 3365 1664 3422 omnino
1706 3363 1888 3420 deleri

871 3565 884 3596 ¹
906 3567 1013 3610 Hec.
1036 3581 1137 3621 444.
