2288 4036
227 220 384 253 PRAEL.
406 218 514 251 xxx.
611 196 819 250 Habere
843 214 952 248 eam
975 196 1250 248 solennium
1262 212 1476 265 precum
1503 196 1762 247 rationem.
1875 197 1983 250 387

226 351 438 400 vocant
478 340 720 399 Orestes
754 347 818 397 et
866 339 1119 409 Electra,
1152 358 1270 395 non
1306 338 1490 395 semel
1529 346 1762 395 tantum
1801 346 1981 414 atque

224 442 457 506 iterum,
483 438 592 495 sed
627 437 858 512 quoties
895 437 1088 494 danda
1124 443 1214 493 est
1249 455 1428 511 opera
1456 435 1796 492 solennibus
1827 438 1979 493 votis

225 535 519 600 invocant,
536 533 796 607 inquam,
822 532 892 588 iis
915 530 1174 599 vocibus,
1200 551 1329 606 quae
1359 532 1607 588 tacitum
1630 530 1852 598 adesse,
1878 550 1980 588 au-

226 632 365 697 dire,
387 631 662 704 adjuvare
685 629 956 685 doceant.
1003 627 1329 695 PostremO,
1356 627 1698 703 diligentius
1715 629 1984 684 excutiat

225 728 403 784 velim
432 725 642 801 aliquis
671 726 974 801 primarias
1013 725 1188 800 hujus
1218 723 1432 781 fabulae
1465 741 1772 799 personas:
1819 726 1982 781 inve-

223 825 348 880 niet
399 823 663 899 profecto
714 822 1118 898 gravissimam
1166 821 1404 896 pietatis
1447 821 1979 898 significationem3

224 912 469 977 mulceri
516 920 735 994 ubique
777 919 1156 976 violentiores
1195 920 1527 975 animorum
1567 919 1845 994 impetus,
1889 939 1986 976 co-

223 1017 412 1074 hiberi
462 1017 876 1092 impotentiam
923 1017 1064 1091 spei,
1111 1014 1342 1081 doloris,
1389 1016 1505 1083 irae,
1550 1016 1609 1071 vi
1655 1016 1875 1072 mentis
1922 1017 1982 1071 in

225 1113 490 1170 Deorum
551 1132 773 1170 numen
840 1114 1110 1170 intentae.
1224 1112 1363 1169 Jam
1424 1112 1712 1188 exemplis
1773 1112 1985 1187 quibus

223 1217 431 1286 potero
462 1209 795 1267 clarissimis
825 1209 1315 1285 quadripartitam
1359 1209 1512 1266 hanc
1554 1209 1845 1266 rationem
1882 1228 1985 1266 ex-

223 1307 440 1384 plicare
468 1306 793 1383 aggrediar.

309 1401 622 1477 Principi0,
668 1401 828 1477 quod
871 1401 1103 1458 aiebam
1147 1407 1412 1458 tenorem
1459 1400 1634 1476 hujus
1663 1400 1986 1477 Tragoediae

219 1517 437 1575 magna
462 1518 541 1555 ex
576 1505 745 1574 parte
776 1498 1144 1555 simillimum
1188 1516 1316 1554 esse
1361 1517 1604 1572 precum
1634 1497 1985 1566 solennium,

222 1613 361 1652 cum
394 1596 560 1670 justa
595 1595 928 1652 caerimonia
971 1595 1341 1662 habitarum3
1386 1596 1609 1651 nemini
1650 1615 1769 1652 non
1799 1596 1986 1672 credi-

222 1691 412 1748 derim
458 1692 517 1747 id
562 1691 686 1748 fore
730 1693 1125 1767 perspicuum,
1167 1692 1268 1766 qui
1313 1692 1491 1748 modo
1541 1693 1830 1749 attentius
1874 1691 1983 1749 sibi

222 1789 728 1863 repraesentaverit
757 1790 1015 1863 primum
1045 1787 1215 1844 illum
1242 1787 1478 1845 Orestis
1508 1785 1879 1846 introitumb:

570 1927 710 1986 Ἐρμῆ
731 1928 894 1985 χθόνιε,
913 1927 1076 1985 .πατρῶ’
1101 1928 1347 1973 ἐποπτεύων
1368 1928 1498 1987 κράτη

571 2000 722 2059 σωτὴρ
742 2003 869 2060 γενοῦ
888 2019 962 2058 μοι
983 2000 1209 2059 ξύμμαχός
1229 2001 1265 2046 τ’
1288 2002 1534 2062 αἰτουμένῳ·

573 2073 660 2130 ἥκω
679 2073 765 2132 γὰρ
786 2073 831 2120 ἐς
849 2075 930 2132 γῆν
950 2071 1076 2130 τήνδε
1096 2074 1165 2117 καὶ
1187 2073 1462 2133 κατέρχομαι*

573 2144 740 2202 τύμβου
761 2144 799 2189 δ’
821 2145 886 2190 ἐπ’
909 2145 1029 2206 ὄχθῳ
1049 2147 1160 2207 τῷδε
1181 2145 1388 2205 κηρύσσω
1408 2148 1539 2205 πατρὶ

572 2217 731 2271 κλύειν,
750 2219 949 2264 ἀκοῦσαι.

222 2360 380 2418 Ecce
431 2361 597 2418 vobis
653 2362 779 2436 ipso
830 2361 891 2417 in
943 2360 1149 2419 limine
1199 2362 1528 2440 Tragoediae
1583 2370 1867 2421 vocantur
1917 2365 1978 2420 in

221 2464 416 2533 partes
471 2458 790 2515 sanctiores
846 2459 977 2514 duae
1022 2477 1307 2534 personae,
1352 2460 1540 2518 altera
1589 2461 1770 2536 ipsius
1814 2459 1979 2538 Aga-

219 2554 567 2621 memnonis,
630 2553 989 2629 jampridem
1061 2555 1345 2622 defimeti,
1415 2557 1604 2614 altera
1670 2557 1976 2625 Mercurii,

219 2650 487 2708 Deorum
527 2650 804 2707 Manium
846 2651 1082 2719 nuncii3
1131 2671 1382 2726 quorum
1426 2659 1748 2729 utrumque
1793 2655 1976 2711 tacite

219 2748 282 2804 in
327 2766 505 2805 scena
546 2748 763 2805 versari
808 2747 1014 2815 voluit,
1059 2755 1128 2805 ut
1173 2749 1448 2818 arbitror,
1493 2750 1824 2828 AEschylus,
1871 2771 1976 2828 per

219 2845 559 2901 universum
587 2843 779 2919 hujus:
792 2841 1072 2902 dramatis
1098 2846 1442 2904 decursum:
1489 2848 1687 2916 tacita,
1717 2849 1974 2924 inquam,

219 2940 574 3017 intelligitur
645 2960 848 2997 eorum
913 2944 1239 3017 praesentia,
1300 2944 1566 3021 nullique
1630 2947 1974 3004 mortalium

220 3036 405 3094 oculis
442 3056 701 3113 unquam
739 3038 1108 3114 aspicienda3
1154 3060 1271 3098 non
1302 3049 1504 3099 tamen
1541 3044 1746 3111 inanis),
1779 3063 1971 3119 neque

218 3133 397 3190 dubia
427 3141 588 3191 recte
629 3134 1036 3192 sentientibus,
1126 3135 1244 3193 Sed
1275 3138 1542 3213 profecto
1574 3158 1644 3196 ea
1673 3159 1765 3197 res
1796 3141 1974 3217 digna

217 3235 326 3295 est,
347 3247 480 3303 quae
510 3248 615 3304 per
636 3248 699 3287 se
722 3230 907 3287 fusius
929 3231 1129 3306 paullo
1154 3241 1519 3309 exponatur3
1560 3255 1716 3292 nunc
1739 3255 1970 3303 moneo,

218 3323 294 3380 de
342 3323 629 3382 industria
682 3326 888 3384 fecisse
939 3327 1302 3404 AEschylum,
1356 3336 1423 3386 ut
1474 3331 1535 3387 in
1586 3332 1711 3407 ipso
1770 3334 1971 3389 statim

941 3548 961 3575 ³³
993 3551 1179 3609 Choziph.
1207 3567 1243 3596 1.

1007 3644 1042 3683 C
1075 3648 1106 3685 c
1139 3633 1175 3685 2
