2288 4036
323 154 431 213 482
784 157 1092 211 Pindarum
1120 174 1235 210 cum
1263 155 1634 228 auriyisloqui
1659 180 1675 209 .·
1791 176 1953 211 PRAEL.
1976 180 2130 216 xxw.

411 303 755 362 Innumerae
783 323 961 381 porro
985 303 1147 380 apud
1180 321 1322 360 eum
1352 303 1577 380 passim
1607 309 1824 362 extant
1856 304 2135 364 similitu-

325 404 516 473 dines,
557 403 798 461 eduotae
844 421 922 459 ex
965 401 1293 479 gymnasiis
1339 407 1402 459 et
1447 419 1629 460 arena
1660 401 2017 479 Olympica:
2064 413 2135 462 ut

321 501 501 560 facile
547 519 760 560 nosoas
812 500 1084 559 animum
1145 500 1454 559 imbutum
1502 506 1566 559 et
1617 502 1927 560 intentum
1980 503 2137 579 ejus-

319 598 486 657 modi
516 598 747 657 studiis.
831 596 1125 674 Exempli
1156 597 1355 676 gratia
1371 592 1407 667 f,

687 739 793 799 εἴην,
816 740 980 800 inquit,
1005 740 1271 800 εὑρησιεπὴς
1291 741 1552 801 ἀναγεῖσθαι

686 814 957 874 πρόσφορος
978 813 1025 859 ἐν
1046 816 1227 860 Μοισᾶν
1248 815 1415 876 δίφρῳ’

685 887 830 945 τολμὰ
853 887 901 932 δὲ
924 888 995 932 καὶ
1016 887 1287 947 ἀμφιλαφὴς
1309 887 1489 946 δύναμις

685 961 887 1008 ἕσποιτο.

318 1087 635 1169 Intelligas
674 1089 773 1148 hic
819 1088 990 1147 nullo
1036 1090 1306 1168 negotio,
1352 1089 1657 1148 obversari
1702 1090 1905 1148 animo
1952 1091 2136 1170 serip-

319 1190 467 1248 toris
497 1190 762 1267 speeiem
786 1189 1015 1268 aurigae
1046 1208 1170 1247 non
1194 1190 1418 1248 frustra
1440 1189 1750 1248 tendentis
1780 1188 2132 1259 retinacula,

321 1289 427 1348 sed
478 1305 701 1368 magna
752 1295 888 1347 tum
941 1288 1313 1347 conscientia
1363 1289 1583 1346 virium
1635 1295 1771 1346 tum
1830 1306 2134 1366 prosperae

321 1386 579 1446 fortunae
608 1388 849 1446 fiducia.

408 1485 633 1563 Neque
678 1506 820 1545 vero
866 1485 1020 1545 illud
1071 1505 1194 1543 non
1240 1484 1781 1565 elegantissimum,
1828 1484 1991 1561 quod
2044 1485 2136 1542 in-

318 1604 632 1664 gressurus
675 1587 738 1643 in
784 1585 1055 1644 fabulam
1102 1584 1407 1662 quandam
1460 1584 1656 1661 aperit
1701 1583 1814 1642 sibi
1861 1584 2021 1641 viam
2061 1602 2134 1642 eo

320 1684 605 1756 elamore,
630 1705 751 1762 quo
783 1684 982 1743 solent
1011 1685 1105 1742 uti
1129 1684 1559 1761 quadrigarum
1589 1689 1872 1753 rectoreS,
1893 1683 2134 1760 quando

316 1784 787 1863 progrediuntur
814 1785 879 1842 in
909 1784 1186 1861 apricum
1218 1801 1503 1860 eampum
1523 1790 1570 1838 g.

686 1929 720 1974 ὦ
743 1928 903 1983 Φίντις,
926 1929 1047 1974 ἀλλὰ
1070 1929 1222 1986 ζεῦξον
1243 1930 1324 1988 ἤδη
1346 1948 1421 1988 μοι
1445 1928 1604 1976 σθένος
1624 1927 1828 1988 ἡμιόνων,

684 2001 714 2063 ᾇ
735 2005 887 2063 τάχος,
909 2003 1033 2064 ὄφρα
1054 2003 1248 2066 κελεύθῳ
1269 2004 1306 2050 τ’
1331 2004 1378 2050 ἐν
1399 2004 1567 2063 καθάρᾳ

681 2079 885 2135 βάσομεν
905 2078 1055 2139 ὄκχον,
1077 2077 1236 2137 ἵκωμαί
1255 2098 1304 2124 τε
1329 2080 1442 2139 πρὸς
1462 2078 1633 2138 ἀνδρῶν

685 2153 756 2197 καὶ
775 2152 919 2213 γένος.

404 2277 518 2336 Est
547 2278 670 2347 ubi,
701 2279 1045 2357 aurigarum
1082 2298 1271 2348 more,
1301 2279 1626 2357 profitetur
1654 2297 1724 2336 ae
1754 2296 1882 2355 prae
1915 2296 1979 2336 se
2010 2275 2130 2335 fert

317 2374 683 2454 singularem
724 2377 990 2455 aliquam
1032 2377 1525 2447 sollicitudinem,
1559 2396 1638 2434 ne
1679 2376 1838 2435 forte
1879 2395 2002 2435 non
2039 2375 2131 2433 in-

315 2481 488 2553 tegro
519 2495 698 2534 curru
729 2478 1075 2554 pervenerit
1105 2478 1182 2535 ad
1212 2484 1444 2536 metam
1475 2477 1706 2535 vietor:

680 2614 913 2674 ἀκηράτοις
934 2616 1074 2664 ἁνίαις

679 2690 935 2750 ποδαρκέων
956 2691 1106 2737 δώδεκ’
1129 2690 1181 2738 ἂν
1203 2692 1379 2752 δρόμων
1398 2691 1593 2750 τέμενος.

680 2764 927 2811 κατέκλασε
946 2766 1033 2826 γὰρ
1056 2766 1212 2813 ἐντέων
1234 2766 1393 2814 σθένος
1414 2766 1554 2820 οὐδὲν,
1576 2765 1695 2811 ἀλλὰ
1717 2763 1944 2825 κρέμαται,

681 2837 830 2885 ὅποσα
849 2842 1061 2899 χεριαρᾶν

678 2914 894 2959 τεκτόνων
914 2914 1174 2973 δαιδάλματ’
1198 2914 1318 2975 ἄγων

682 2991 899 3047 Κρισαῖον
917 2991 1068 3049 λόφον

680 3061 873 3122 ἄμειψεν
894 3063 940 3109 ἐν
961 3064 1222 3109 κοιλόπεδον
1243 3065 1380 3111 νάπος

680 3134 799 3180 θεοῦ,

318 3258 648 3328 Nimirum,
686 3279 805 3337 qua
849 3282 993 3321 eura
1032 3263 1294 3323 vidimus
1340 3263 1480 3343 angi
1520 3263 1863 3324 Homerum
1909 3261 1985 3322 de
2030 3282 2123 3323 ar·-

314 3358 430 3416 mis
482 3357 742 3435 telisque
796 3366 859 3417 et
913 3362 1077 3419 omni
1130 3361 1493 3421 bellantium
1546 3369 1858 3441 apparatU,
1905 3363 2119 3422 eadem

587 3601 605 3631 f
627 3602 697 3646 Ol.
720 3617 764 3660 9.
795 3617 895 3647 120.
1508 3613 1526 3638 ⁸
1558 3604 1674 3649 Ibid.
1701 3607 1742 3650 6.
1768 3617 1843 3664 37.
