2288 4036
176 283 333 316 PRAEL.
356 281 506 314 xxix,
575 261 943 323 Andromache,
970 261 1215 327 specimen
1240 259 1386 324 ἤθους
1410 252 1711 328 Εἰινὴοὶῶθὶ.
1825 262 1931 318 593

175 408 296 465 ullo
327 416 592 483 tempore
621 407 975 483 Tragoedum
1015 406 1252 481 propius
1290 406 1602 462 accessisse
1631 406 1705 461 ad
1736 405 1930 462 fontes

176 505 578 580 lacrymarum,
619 523 797 578 quam
846 504 944 577 qui
999 502 1331 569 Hecubam,
1382 521 1557 576 quam
1610 501 1713 575 qui
1767 500 1931 575 Iphi-

173 602 426 678 geniam,
457 619 634 675 quam
663 601 764 674 qui
809 599 1208 656 dulcissimam
1247 599 1410 655 illam
1441 597 1814 655 Alcestidem
1845 597 1930 654 ef-

176 696 466 753 formavit.
556 695 843 771 Magnam
884 703 1083 751 a-utem
1123 702 1352 769 partem
1397 695 1455 751 id
1494 695 1624 757 ,fieri
1666 693 1930 750 credide-

174 792 284 848 rim
328 792 546 849 eximia
591 792 697 848 viri
741 792 1133 857 humanitate,
1163 790 1309 847 nihil
1347 810 1383 847 a
1419 809 1481 847 se
1515 790 1776 847 alienum
1823 807 1930 863 pu-

176 886 373 954 tantiS,

350 982 579 1058 Quicquid
600 1007 741 1058 agunt
760 1000 980 1052 homines,
1003 1008 1174 1053 votum,
1196 1002 1344 1052 timor,
1367 1002 1446 1053 ira,
1468 1002 1689 1057 voluptas,

350 1072 540 1124 Gaudia,
563 1072 810 1116 discursus.

177 1174 370 1230 Immo
415 1192 552 1230 vero
603 1173 884 1230 libentius
929 1174 1115 1230 ferme
1167 1180 1433 1231 versatur
1479 1175 1539 1230 in
1594 1173 1931 1230 domesticis

175 1271 363 1338 rebUS‚
395 1289 572 1346 quam
615 1271 676 1326 in
719 1270 1002 1327 heroicis:
1048 1290 1166 1326 non
1197 1271 1411 1345 quaerit
1447 1270 1700 1335 excelsa,
1736 1288 1930 1343 neque

175 1366 493 1441 profunda:
540 1373 803 1423 moratur
839 1365 996 1423 ultro
1032 1367 1092 1422 in
1130 1368 1224 1423 via
1263 1367 1416 1423 bene
1457 1368 1614 1433 trita,
1645 1372 1826 1440 atque
1869 1366 1930 1421 in

170 1461 373 1536 spatiis
402 1461 543 1519 vitae
576 1461 1006 1519 communibus
1085 1461 1370 1519 Crederes
1411 1462 1585 1537 plane
1628 1463 1687 1518 id
1727 1480 1928 1536 agere,

174 1565 240 1614 ut
268 1558 423 1614 inter
447 1555 758 1614 Musarum
789 1559 1008 1615 amicos
1034 1559 1203 1633 quasi
1233 1558 1475 1633 quidam
1506 1557 1779 1615 Socrates
1806 1556 1930 1622 fiat,

170 1653 531 1711 deducturus
574 1655 782 1729 utique
819 1654 1053 1722 Poesin,
1094 1663 1161 1712 ut
1209 1654 1310 1711 ille
1355 1653 1812 1729 Philosophiam,
1856 1654 1930 1709 de

171 1748 313 1806 caelo
341 1756 406 1806 et
436 1750 693 1807 nubibus
722 1751 783 1806 in
806 1751 1218 1825 quotidianam
1246 1750 1400 1806 :hanc
1432 1750 1635 1814 vitam.

255 1845 438 1920 Cujus
488 1847 571 1903 rei
619 1846 934 1903 mirificum
983 1866 1122 1904 sane
1166 1847 1593 1903 documentum
1641 1844 1929 1902 habemus

169 1941 295 2015 ejus
321 1939 800 1999 Andromachen.
889 1942 1217 1999 Nominato
1254 1941 1438 1999 semel
1473 1941 1630 1998 illius
1665 1940 1929 1998 mulieris

169 2037 422 2105 nomine,
443 2038 644 2112 ecquis
674 2039 940 2095 omnium
970 2058 1089 2095 non
1115 2044 1459 2114 auguretur‚
1483 2036 1609 2094 fore
1631 2037 1927 2111 quendam

164 2133 333 2208 quasi
362 2133 661 2191 turbinem
695 2134 1057 2192 acerbissimi
1084 2133 1350 2200 affectus,
1380 2133 1612 2190 misceri
1643 2133 1926 2207 quodam-

167 2228 346 2285 modo
369 2229 584 2287 debere
612 2229 821 2287 caelum
852 2237 914 2287 et
944 2230 1168 2288 terras?
1210 2249 1345 2286 cum
1376 2229 1623 2305 prodeat
1648 2227 1928 2286 Hectoris

171 2322 606 2393 Andromache,
660 2325 868 2403 Pyrrhi
925 2326 1353 2403 connubiorum
1412 2326 1662 2401 patienS,
1722 2325 1928 2382 orbata

166 2419 290 2477 filio
333 2440 513 2496 quem
565 2421 640 2478 ab
692 2421 958 2478 Hectore
1009 2428 1362 2497 susceperat,
1416 2423 1607 2498 patria
1658 2421 1925 2488 extorriS‚

167 2520 400 2579 ancillae
442 2520 573 2577 loco
616 2519 835 2577 habita.
925 2519 1099 2588 Quod
1144 2526 1351 2576 contra
1389 2519 1552 2576 nulla
1585 2537 1649 2576 re
1688 2518 1926 2594 penitus

169 2616 243 2673 ad
273 2617 472 2672 vivum
511 2635 583 2673 ea
611 2615 776 2691 tangi
810 2615 1056 2681 videtur,
1087 2621 1473 2689 praeterquam
1507 2633 1578 2670 eo
1607 2620 1792 2680 mem,
1825 2615 1925 2688 qui

171 2729 351 2785 prope
382 2711 510 2785 jam
553 2711 757 2767 aderat
790 2710 867 2767 ab
898 2709 1229 2767 Hermione
1268 2711 1397 2785 ejus
1436 2709 1675 2768 aemula.
1765 2709 1924 2766 Prae-

170 2807 474 2863 teritarum
514 2824 710 2863 rerum
755 2806 840 2862 ita
882 2825 1001 2863 non
1040 2805 1422 2872 obliviscitur,
1453 2813 1521 2864 ut
1557 2805 1741 2864 semel
1782 2826 1922 2863 con-

169 2909 341 2978 cepto
370 2902 534 2978 quasi
564 2902 823 2959 carmine
853 2900 1068 2960 defleat
1089 2910 1212 2969 ¹¹,—

459 3033 575 3094 Ἰλίῳ
595 3033 768 3093 ain-avc?
791 3036 929 3093 Πάρις
949 3036 998 3079 οὗ
1018 3036 1170 3094 γάμον,
1193 3035 1308 3080 ἄλλά
1329 3035 1404 3080 τιν’
1428 3035 1532 3080 ὅταν

515 3107 690 3167 ἠγάγετ’
707 3109 879 3154 εὐναίαν
900 3109 944 3155 ἐς
961 3109 1182 3166 θαλάμους
1200 3108 1456 3154 Ἑλέναν·-

169 3228 379 3286 deinde
422 3236 550 3287 tota
593 3230 668 3287 sit
714 3230 776 3286 in
823 3230 1231 3305 praesentibus,
1320 3229 1527 3305 Atque
1571 3251 1642 3289 ea
1677 3234 1913 3306 quidem

170 3324 251 3381 sic
280 3326 639 3401 deprecatur,
665 3333 731 3382 ut
761 3310 879 3383 una
900 3324 1123 3400 quaevis
1153 3326 1227 3382 de
1256 3326 1382 3383 foro
1412 3335 1603 3384 mater
1632 3328 1915 3385 familias:

171 3420 447 3494 reginam,
493 3419 872 3486 Hectoream‚
919 3420 1140 3476 Priami
1183 3440 1416 3488 nurum,
1453 3421 1552 3477 vix
1598 3428 1659 3477 et
1700 3440 1777 3477 ne
1816 3422 1918 3479 vix

849 3602 876 3624 n
896 3594 1103 3637 Androm,
1131 3608 1228 3651 103.

984 3684 1028 3730 Q
1055 3687 1093 3742 q
