2288 4036
228 324 387 358 mum„
407 324 552 358 xxxr.
605 304 837 370 Quanam
862 304 908 356 is
931 306 1126 358 ratione
1165 305 1440 375 Virqilium
1454 307 1743 375 praeiverit.
1869 308 1975 360 643

454 444 545 490 οἷον
567 445 618 502 δὴ
637 447 743 490 τόκα
762 449 889 502 πῶμα
910 445 1237 502 διεκρανώσατε,
1261 444 1456 503 Νύμφαι,

451 519 584 576 βωμῷ
606 518 694 574 πὰρ
716 518 941 574 Δάματρος
960 516 1182 570 ἁλωάδος;
1214 515 1263 563 ἇς
1284 518 1354 562 ἐπὶ
1376 520 1504 577 σωρῷ

451 589 570 635 αὖθις·
591 590 675 649 ἐγὼ
695 589 874 647 πάξαιμι
896 589 1007 648 μέγα
1026 589 1173 634 πτῦον·
1207 590 1234 633 ἆ
1255 590 1302 634 δὲ
1322 591 1519 649 γελάξαι,

452 661 674 719 δράγματα
695 661 763 704 καὶ
781 662 974 718 μάκωνας
996 661 1040 705 ἐν
1061 661 1360 719 ἀμφοτέρῃσιν
1379 662 1549 720 ἔχοισα.

219 772 493 829 Profecto
524 779 592 830 ut
621 772 722 830 ille
752 773 908 848 apud
940 772 1263 849 Virgilium

1044 888 1240 946 impiger
1262 888 1409 932 hausit

451 958 743 1016 Spumantem
764 966 961 1017 pateram
982 967 1025 1004 et
1045 962 1177 1017 pleno
1199 975 1245 1004 se
1266 960 1430 1017 proluit
1451 975 1574 1012 auro,

214 1055 294 1111 sic
335 1073 471 1110 cum
511 1054 613 1111 illa
653 1055 950 1131 pangebat
990 1057 1264 1123 carmina,
1305 1056 1502 1113 hausit
1535 1056 1970 1131 quodammodo

214 1150 478 1226 Scriptor
516 1158 776 1227 agrestes
817 1152 1073 1220 delicias,
1110 1153 1421 1228 plenoque,
1455 1161 1524 1210 ut
1553 1154 1638 1210 ita
1669 1153 1876 1221 dicam,
1909 1172 1970 1211 se

212 1267 344 1304 rure
373 1248 624 1323 proluit:
669 1249 754 1305 ita
783 1255 1002 1317 tamen,
1026 1257 1097 1306 ut
1121 1251 1343 1306 nemini
1375 1250 1451 1307 sit
1476 1250 1809 1317 obscurum,
1841 1269 1971 1307 sen-

211 1346 352 1401 sisse
382 1363 520 1401 eum
558 1346 745 1422 magis
781 1365 918 1402 cum
953 1366 1073 1402 uno
1104 1348 1312 1421 quovis
1344 1352 1575 1403 aratore
1605 1346 1696 1403 vel
1732 1346 1967 1413 fossore,

211 1459 386 1514 quam
417 1459 553 1497 cum
582 1441 668 1509 iis,
702 1442 801 1517 qui
841 1443 961 1498 ruri
991 1460 1055 1498 se
1086 1442 1313 1499 dedunt
1349 1441 1711 1498 latebrarum
1744 1450 1805 1498 et
1839 1462 1971 1517 per-

209 1536 354 1613 fugii
405 1557 592 1606 causa,
646 1538 781 1596 fessi
837 1538 929 1594 vel
988 1539 1195 1595 studiis
1249 1538 1344 1595 vel
1402 1539 1676 1614 negotiiS.
1772 1538 1967 1614 Siquis

207 1632 389 1708 igitur
417 1653 652 1691 mecum
672 1635 1028 1710 judicaverit
1059 1654 1135 1692 ex
1167 1634 1279 1692 hoc
1311 1654 1429 1691 uno
1459 1635 1721 1692 maxime
1751 1634 1965 1711 Idyllio

206 1731 529 1804 petendum
574 1732 697 1789 fore
735 1731 1032 1788 Theocriti
1078 1731 1383 1808 exemplar
1426 1740 1488 1789 et
1531 1734 1847 1807 specimen,
1879 1733 1965 1790 illi

206 1845 325 1882 non
375 1829 487 1884 erit
532 1829 593 1884 in
638 1829 837 1896 dubio,
887 1829 948 1885 id
995 1830 1151 1903 quod
1210 1830 1386 1887 hodie
1432 1830 1628 1886 doceri
1671 1829 1962 1897 volebam,

207 1921 466 1981 Siculam
501 1924 742 1982 Musam
775 1925 1124 2002 Virgilianae
1170 1945 1287 1982 non
1331 1933 1454 1982 tam
1495 1926 1788 1983 cantando
1820 1946 1964 2001 prae-

205 2019 391 2087 ivisse,
413 2040 589 2096 quam
613 2028 820 2078 cantus
842 2022 1150 2078 materiam
1173 2023 1482 2097 paravisse.
1538 2021 1794 2079 Proinde
1814 2015 1964 2080 Poe-

205 2134 332 2173 seos
367 2116 540 2184 illius,
572 2137 701 2192 quae
739 2119 800 2174 in
836 2137 972 2175 rure
1011 2125 1072 2175 et
1111 2119 1173 2174 in
1212 2125 1424 2176 natura
1468 2126 1749 2185 versatur,
1791 2120 1963 2178 initia

203 2232 322 2270 non
387 2214 462 2271 ab
518 2215 590 2271 iis
650 2215 918 2272 ducenda
981 2221 1172 2282 erunt,
1232 2215 1333 2290 qui
1403 2215 1724 2290 pastorales
1787 2215 1961 2290 primi

202 2311 481 2386 scripsere
540 2311 879 2378 0011111011οε,
935 2311 1041 2368 -sed
1086 2311 1167 2368 ab
1228 2312 1298 2369 iis
1354 2311 1569 2387 potius,
1626 2311 1726 2386 qui
1785 2312 1959 2385 primi

200 2407 556 2480 nequierunt
607 2407 721 2463 isto
766 2406 975 2464 solatio
1027 2426 1258 2464 carere:
1316 2407 1417 2482 qui
1468 2426 1727 2474 nemora,
1772 2425 1957 2483 agrOS‚

200 2510 369 2576 prata
407 2522 527 2559 non
571 2502 893 2578 opulentiae
933 2503 1035 2560 sed
1075 2502 1519 2577 tranquillitatis
1549 2520 1690 2578 ergo
1722 2503 1957 2559 adama-

201 2606 358 2655 runt.

286 2694 561 2770 Denique
601 2715 678 2754 ne
716 2697 811 2753 cui
850 2696 1066 2752 mirum
1107 2714 1233 2753 esse
1263 2696 1548 2763 videatur,
1569 2686 1680 2770 ‘qui
1711 2695 1959 2770 scriptor

200 2796 262 2846 et
304 2790 481 2848 hodie
531 2791 798 2869 legentes
839 2792 989 2849 adeo
1033 2791 1418 2848 vehementer
1460 2797 1848 2859 commoveat,
1896 2799 1958 2849 et

201 2887 475 2964 Virgilio,
510 2889 617 2946 tali
658 2890 798 2955 vim,
842 2889 1072 2945 dederit
1114 2907 1331 2964 magna
1373 2906 1447 2945 ex
1492 2895 1659 2964 parte
1704 2891 1956 2966 origines

199 2985 543 3053 carminum,
563 2985 649 3041 illi
674 2984 950 3061 denegari
981 3003 1017 3040 a
1045 2984 1213 3041 nobis
1243 2979 1651 3059 primariorum
1684 2985 1920 3043 laudem
1933 3007 1954 3055 ,ς

198 3081 574 3137 meminerint
616 3081 794 3137 velim
837 3080 1122 3147 homines,
1155 3081 1256 3136 vix
1298 3081 1424 3138 fieri
1468 3100 1654 3157 posse,
1685 3083 1743 3137 in
1791 3084 1952 3140 omni

197 3173 306 3230 hac
329 3177 655 3249 quaestione
679 3177 752 3233 de
775 3196 838 3233 re
864 3177 1116 3252 poetica,
1137 3177 1279 3251 quin
1309 3177 1516 3252 saepius
1545 3178 1950 3253 imprudentes

198 3275 259 3325 et
301 3270 468 3327 inscii
511 3272 798 3329 misceant
841 3290 976 3329 suos
1021 3291 1155 3329 cum
1201 3292 1408 3329 eorum
1449 3272 1549 3348 qui
1594 3275 1949 3349 scripserunt

196 3364 520 3424 affectibus.
608 3367 698 3425 Ut
727 3369 789 3424 in
823 3387 1102 3425 venarum
1145 3368 1334 3444 pul‘SU‚
1367 3388 1486 3425 non
1516 3369 1688 3426 facile
1719 3389 1949 3446 semper

197 3461 487 3519 discernat
532 3463 759 3539 aliquiS,
790 3466 863 3521 ad
901 3484 962 3521 se
999 3484 1074 3521 an
1117 3465 1191 3521 ad
1233 3465 1414 3522 alium
1455 3467 1792 3541 pertineant
1831 3467 1947 3522 sin-

195 3555 318 3630 guli
347 3556 528 3626 ictus;
574 3558 655 3615 sic
685 3560 869 3616 ferme
912 3578 973 3616 se
1010 3578 1102 3616 res
1140 3560 1339 3628 habet,
1370 3563 1430 3618 in
1460 3562 1570 3618 hac
1602 3560 1943 3618 confusione

987 3673 1023 3712 T
1052 3664 1077 3711 t
1109 3661 1144 3712 2
