2288 4036
105 192 258 225 PRAEL.
276 190 422 223 xxiv,
455 171 561 222 Gur
578 170 658 222 vel
671 171 804 222 inter
820 170 1045 237 Lyaeos,
1067 168 1324 221 obscurior
1340 169 1409 221 sit
1425 169 1710 222 Pindarus,
1746 174 1852 226 475

103 316 150 370 is
195 311 436 376 fabulas,
485 310 821 376 sententiaS,
867 316 1145 366 caeteram
1194 309 1517 365 carminum
1566 310 1854 384 supellec-

103 408 268 464 tilem
300 405 592 481 colligere.
686 403 1019 478 Utramque
1064 404 1139 460 ob
1184 422 1420 460 causam
1465 404 1742 460 incertior
1783 406 1853 462 fit

103 503 456 576 conjectura,
488 520 603 575 quo
643 499 1014 574 potissimum
1057 500 1345 555 desiderio
1386 499 1539 556 ictus
1578 507 1853 557 cantave-

102 599 194 654 rit.
282 597 498 664 Primo,
531 596 742 672 vulgus
773 614 994 661 eorum,
1027 595 1126 670 qui
1157 595 1384 671 legunt,
1407 602 1706 662 avocatur,
1733 615 1851 653 non

102 694 337 750 auribus
367 693 557 749 solum
588 692 690 749 sed
721 692 930 747 animis
961 710 1213 765 quoque,
1245 710 1280 748 a
1308 710 1371 747 re
1401 698 1580 766 atque
1611 711 1646 748 a
1675 693 1853 767 scrip-

102 790 242 846 toris
304 789 520 845 affectu
591 788 652 843 in
723 788 1008 843 musicam
1077 787 1372 861 quandam
1439 787 1851 844 subtilitatem.

102 884 333 941 Deinde
363 885 642 950 sentiunt,
666 883 868 958 rapida
897 901 1091 938 rerum
1124 883 1456 939 mutatione
1484 902 1553 939 ac
1583 884 1849 951 decursu,

99 981 422 1057 praestringi
475 979 908 1054 quodammodo
957 979 1184 1053 judicia
1242 998 1363 1044 sua,
1415 980 1568 1036 sicut
1626 979 1852 1037 lumina

99 1078 378 1134 citissimo
409 1083 615 1142 motu3
656 1095 731 1131 ne
761 1076 997 1149 penitus
1028 1093 1266 1131 cernere
1296 1076 1519 1149 possint
1543 1077 1682 1149 quid
1713 1085 1851 1153 agat

99 1174 345 1246 scriptor
374 1171 616 1247 singulis
646 1171 1030 1245 temporibus,
1061 1188 1252 1243 quove
1296 1170 1669 1244 potissimum
1701 1173 1852 1229 desi-

99 1270 258 1325 derio
290 1275 579 1324 teneatur.

180 1361 792 1419 Animadvertendum
821 1367 1119 1436 praeterea,
1142 1361 1298 1435 quod
1330 1363 1389 1418 in
1424 1362 1697 1420 omnibus
1722 1382 1850 1437 quae

98 1460 334 1534 quidem
384 1464 593 1515 extant
640 1456 880 1513 Pindari
932 1457 1305 1525 carminibUS,
1350 1477 1469 1514 non
1513 1460 1694 1515 sumit
1739 1460 1848 1516 sibi

95 1556 401 1612 materiem
435 1554 638 1621 Poeta,
670 1553 772 1610 sed
810 1553 870 1609 in
906 1572 1115 1610 manus
1146 1554 1345 1610 datam
1377 1554 1638 1629 suscipit.
1728 1555 1858 1612 Ita--

97 1672 210 1726 que
257 1658 475 1727 praeter
526 1669 903 1707 communem
954 1648 1118 1706 illam
1162 1669 1340 1723 quam
1392 1669 1498 1707 nos
1542 1652 1849 1727 tetigimus

98 1749 441 1825 Lyricorum
499 1747 928 1813 verecundiam,
990 1746 1314 1821 imponitur
1377 1747 1464 1803 illi
1533 1749 1849 1805 necessitas

97 1846 368 1920 quaedam
412 1843 671 1919 fingendi
715 1840 993 1910 ἐνδόσιμα,
1036 1842 1335 1899 interdum
1382 1842 1662 1919 longiora,
1707 1863 1850 1918 quo-

97 1960 224 1996 rum
271 1960 375 2015 per
410 1947 667 1996 tractum
700 1946 761 1995 et
793 1939 1002 1994 seriem
1033 1939 1274 1995 tandem
1306 1938 1620 2013 aliquando
1663 1940 1849 2014 possit

97 2037 373 2093 accedere
402 2037 475 2092 ad
506 2054 691 2092 unum
725 2034 983 2109 aliquem
1013 2036 1088 2091 de
1118 2035 1381 2090 fontibus
1426 2053 1544 2091 suae
1587 2054 1847 2110 poeseos,

99 2131 316 2188 Fontes
366 2139 567 2188 autem
616 2130 871 2187 Poeseos
917 2130 1186 2207 intelligo
1233 2130 1362 2187 illas
1410 2132 1712 2207 imagineS,
1764 2133 1850 2189 af-

97 2227 301 2294 fectUS,
342 2227 643 2293 desideria,
684 2226 895 2300 quibus
943 2233 1267 2302 occupatur
1311 2227 1522 2284 intima
1566 2228 1847 2304 cujusque

99 2342 284 2379 mens,

181 2417 275 2475 Ac
306 2420 507 2475 videor
538 2418 681 2474 mihi
712 2419 864 2474 forte
888 2419 1140 2491 quadam
1172 2418 1268 2474 hic
1292 2418 1596 2475 devenisse
1626 2419 1687 2474 in
1710 2438 1848 2475 eum

99 2513 309 2580 locum,
362 2514 461 2588 qni
514 2514 772 2568 maxime
829 2519 1003 2587 aptus
1063 2513 1140 2569 sit
1198 2514 1514 2569 eximendo
1574 2514 1629 2569 ei
1690 2533 1850 2570 scru-

98 2609 253 2684 pulo,
299 2610 398 2684 qui
446 2610 519 2665 de
566 2608 810 2665 Poetica
858 2609 1295 2683 disputantibus
1345 2609 1496 2666 solet
1547 2610 1847 2666 interdum

99 2725 225 2763 esse
277 2705 594 2761 molestior.
682 2704 924 2779 Nempe
980 2705 1283 2772 mirantur,
1331 2724 1448 2779 quo
1498 2712 1675 2780 pacto
1722 2706 1848 2763 fieri

99 2801 297 2875 possit,
329 2807 396 2856 ut
431 2806 633 2874 pareat
664 2800 858 2855 vivida
887 2799 989 2856 illa
1019 2799 1337 2857 Poetarum
1371 2801 1456 2858 vis
1491 2821 1596 2858 seu
1638 2821 1847 2878 regum

88 2895 281 2969 jussiS‚
313 2896 433 2951 sive
476 2895 827 2970 populorum
871 2894 1238 2962 clamoribus,
1274 2914 1377 2952 seu
1422 2897 1621 2954 tacitae
1658 2898 1850 2972 cujus-

99 3009 214 3064 que
257 2991 445 3047 aetatis
492 2992 798 3047 sententiae
843 2997 904 3047 et
943 2989 1158 3047 indoli:
1204 2991 1493 3047 mirantur
1524 2990 1846 3067 Virgilium

101 3093 250 3141 nutu
287 3085 534 3142 Caesaris
573 3086 890 3143 contulisse
935 3104 997 3141 se
1035 3086 1108 3142 ad
1145 3087 1396 3143 AEneida
1440 3086 1848 3154 scribendam;

100 3181 386 3237 mirantur
422 3181 778 3257 Spenserum
822 3200 979 3237 nunc
1022 3181 1434 3256 Epithalamiis
1472 3202 1630 3239 nunc
1668 3183 1851 3239 Thre-

101 3277 288 3333 nodiis
335 3278 562 3334 dedisse
614 3296 868 3352 operam,
913 3284 1088 3351 prout
1135 3277 1417 3352 cujusque
1469 3285 1850 3351 patronorum

103 3390 192 3427 res
235 3373 627 3446 postulabant.
716 3371 809 3428 Ac
855 3373 1049 3446 potuit
1091 3372 1336 3428 fortasse
1381 3373 1723 3427 nonnemini
1755 3391 1854 3428 ve-

103 3467 226 3523 nire
261 3468 321 3523 in
365 3476 646 3536 mentem,
683 3469 918 3524 ardores
962 3467 1120 3534 istoS,
1153 3485 1298 3541 quos
1320 3467 1563 3547 z,jactant
1596 3467 1851 3524 Poeseos
