<?xml version="1.0" encoding="UTF-8"?>
<!DOCTYPE html PUBLIC "-//W3C//DTD XHTML 1.0 Transitional//EN"
    "http://www.w3.org/TR/xhtml1/DTD/xhtml1-transitional.dtd">
<html xmlns="http://www.w3.org/1999/xhtml" xml:lang="en" lang="en">
 <head>
  <title>
</title>
<meta http-equiv="Content-Type" content="text/html;charset=utf-8" />
  <meta name='ocr-system' content='tesseract 3.04.00' />
  <meta name='ocr-capabilities' content='ocr_page ocr_carea ocr_par ocr_line ocrx_word'/>
</head>
<body>
  <div class='ocr_page' id='page_1' title='image "./a588873902kebluoft_0177.png"; bbox 0 0 2288 4036; ppageno 0'>
   <div class='ocr_carea' id='block_1_1' title="bbox 208 282 1959 355">
    <p class='ocr_par' dir='ltr' id='par_1_1' title="bbox 208 282 1959 355">
     <span class='ocr_line' id='line_1_1' title="bbox 208 282 1959 355; baseline -0.004 -12"><span class='ocrx_word' id='word_1_1' title='bbox 208 309 364 344; x_wconf 79' lang='lat' dir='ltr'><strong>PRAEL.</strong></span> <span class='ocrx_word' id='word_1_2' title='bbox 378 305 545 339; x_wconf 82' lang='lat' dir='ltr'>xxvu.</span> <span class='ocrx_word' id='word_1_3' title='bbox 674 284 997 355; x_wconf 74' lang='lat' dir='ltr'><strong><em>optimatibus</em></strong></span> <span class='ocrx_word' id='word_1_4' title='bbox 1020 302 1131 337; x_wconf 79' lang='lat' dir='ltr'>eum</span> <span class='ocrx_word' id='word_1_5' title='bbox 1156 284 1237 337; x_wconf 78' lang='lat' dir='ltr'>vel</span> <span class='ocrx_word' id='word_1_6' title='bbox 1256 282 1329 336; x_wconf 71' lang='lat' dir='ltr'>ibi</span> <span class='ocrx_word' id='word_1_7' title='bbox 1339 283 1543 354; x_wconf 71' lang='lat' dir='ltr'>favere.</span> <span class='ocrx_word' id='word_1_8' title='bbox 1852 286 1959 336; x_wconf 88' lang='grc'>555</span> 
     </span>
    </p>
   </div>
   <div class='ocr_carea' id='block_1_2' title="bbox 209 424 1962 598">
    <p class='ocr_par' dir='ltr' id='par_1_2' title="bbox 209 424 1962 598">
     <span class='ocr_line' id='line_1_2' title="bbox 209 424 1962 502; baseline -0.005 -11"><span class='ocrx_word' id='word_1_9' title='bbox 209 430 387 491; x_wconf 91' lang='grc'>8611161</span> <span class='ocrx_word' id='word_1_10' title='bbox 422 430 756 501; x_wconf 79' lang='lat' dir='ltr'>iterumque</span> <span class='ocrx_word' id='word_1_11' title='bbox 798 433 1063 484; x_wconf 85' lang='lat' dir='ltr'>mortuos</span> <span class='ocrx_word' id='word_1_12' title='bbox 1104 445 1239 483; x_wconf 90' lang='lat' dir='ltr'>cum</span> <span class='ocrx_word' id='word_1_13' title='bbox 1281 427 1508 502; x_wconf 88' lang='lat' dir='ltr'>pietate</span> <span class='ocrx_word' id='word_1_14' title='bbox 1549 431 1611 481; x_wconf 93' lang='lat' dir='ltr'>et</span> <span class='ocrx_word' id='word_1_15' title='bbox 1647 424 1962 482; x_wconf 91' lang='lat' dir='ltr'>honestate</span> 
     </span>
     <span class='ocr_line' id='line_1_3' title="bbox 209 523 1163 598; baseline -0.005 -14"><span class='ocrx_word' id='word_1_16' title='bbox 209 527 348 584; x_wconf 87' lang='lat' dir='ltr'>dicit</span> <span class='ocrx_word' id='word_1_17' title='bbox 376 523 701 581; x_wconf 80' lang='lat' dir='ltr'>indolentia</span> <span class='ocrx_word' id='word_1_18' title='bbox 729 523 983 598; x_wconf 88' lang='lat' dir='ltr'>quadam</span> <span class='ocrx_word' id='word_1_19' title='bbox 1015 523 1128 578; x_wconf 89' lang='lat' dir='ltr'>frui</span> <span class='ocrx_word' id='word_1_20' title='bbox 1151 542 1163 579; x_wconf 74' lang='grc' dir='ltr'>ε</span> 
     </span>
    </p>
   </div>
   <div class='ocr_carea' id='block_1_3' title="bbox 438 633 1964 910">
    <p class='ocr_par' dir='ltr' id='par_1_3' title="bbox 438 633 1964 767">
     <span class='ocr_line' id='line_1_4' title="bbox 438 633 1964 695; baseline -0.002 -14"><span class='ocrx_word' id='word_1_21' title='bbox 438 636 728 695; x_wconf 81' lang='grc' dir='ltr'>ἀπονέστερον</span> <span class='ocrx_word' id='word_1_22' title='bbox 761 636 888 681; x_wconf 85' lang='grc' dir='ltr'>ἐσλοὶ</span> <span class='ocrx_word' id='word_1_23' title='bbox 920 635 1168 693; x_wconf 88' lang='grc' dir='ltr'>δεδόρκαντι</span> <span class='ocrx_word' id='word_1_24' title='bbox 1199 635 1314 688; x_wconf 84' lang='grc' dir='ltr'>βίον,</span> <span class='ocrx_word' id='word_1_25' title='bbox 1344 634 1394 678; x_wconf 82' lang='grc' dir='ltr'>οὐ</span> <span class='ocrx_word' id='word_1_26' title='bbox 1422 633 1560 690; x_wconf 86' lang='grc' dir='ltr'>χθόνα</span> <span class='ocrx_word' id='word_1_27' title='bbox 1592 633 1888 690; x_wconf 79' lang='grc' dir='ltr'>ταράσσοντες</span> <span class='ocrx_word' id='word_1_28' title='bbox 1919 634 1964 678; x_wconf 83' lang='grc' dir='ltr'>ἐν</span> 
     </span>
     <span class='ocr_line' id='line_1_5' title="bbox 496 708 758 767; baseline -0.004 -15"><span class='ocrx_word' id='word_1_29' title='bbox 496 711 626 767; x_wconf 82' lang='grc' dir='ltr'>χερὸς</span> <span class='ocrx_word' id='word_1_30' title='bbox 646 708 758 765; x_wconf 81' lang='grc' dir='ltr'>ἀκμᾷ</span> 
     </span>
    </p>

    <p class='ocr_par' dir='ltr' id='par_1_4' title="bbox 439 779 867 839">
     <span class='ocr_line' id='line_1_6' title="bbox 439 779 867 839; baseline -0.005 -14"><span class='ocrx_word' id='word_1_31' title='bbox 439 782 538 825; x_wconf 78' lang='grc' dir='ltr'>οὐδὲ</span> <span class='ocrx_word' id='word_1_32' title='bbox 556 783 731 825; x_wconf 89' lang='grc' dir='ltr'>πόντιον</span> <span class='ocrx_word' id='word_1_33' title='bbox 750 779 867 839; x_wconf 80' lang='grc' dir='ltr'>ὕδωρ</span> 
     </span>
    </p>

    <p class='ocr_par' dir='ltr' id='par_1_5' title="bbox 439 850 1604 910">
     <span class='ocr_line' id='line_1_7' title="bbox 439 850 1604 910; baseline -0.003 -13"><span class='ocrx_word' id='word_1_34' title='bbox 439 854 577 898; x_wconf 89' lang='grc' dir='ltr'>κεινὰν</span> <span class='ocrx_word' id='word_1_35' title='bbox 596 853 712 910; x_wconf 89' lang='grc' dir='ltr'>παρὰ</span> <span class='ocrx_word' id='word_1_36' title='bbox 733 853 930 898; x_wconf 64' lang='grc' dir='ltr'>δίαιταν.</span> <span class='ocrx_word' id='word_1_37' title='bbox 950 887 958 898; x_wconf 94' lang='grc'>.</span> <span class='ocrx_word' id='word_1_38' title='bbox 981 885 989 896; x_wconf 94' lang='grc'><strong>.</strong></span> <span class='ocrx_word' id='word_1_39' title='bbox 1009 886 1018 897; x_wconf 94' lang='grc'><strong>.</strong></span> <span class='ocrx_word' id='word_1_40' title='bbox 1035 851 1222 910; x_wconf 76' lang='grc' dir='ltr'>ἄδακρυν</span> <span class='ocrx_word' id='word_1_41' title='bbox 1243 850 1439 908; x_wconf 86' lang='grc' dir='ltr'>νέμονται</span> <span class='ocrx_word' id='word_1_42' title='bbox 1460 851 1604 895; x_wconf 84' lang='grc' dir='ltr'>αἷῶνα.</span> 
     </span>
    </p>
   </div>
   <div class='ocr_carea' id='block_1_4' title="bbox 205 956 1962 1807">
    <p class='ocr_par' dir='ltr' id='par_1_6' title="bbox 207 956 1962 1323">
     <span class='ocr_line' id='line_1_8' title="bbox 209 956 1962 1033; baseline -0.003 -15"><span class='ocrx_word' id='word_1_43' title='bbox 209 961 531 1033; x_wconf 88' lang='lat' dir='ltr'>Postquam</span> <span class='ocrx_word' id='word_1_44' title='bbox 570 963 772 1014; x_wconf 89' lang='lat' dir='ltr'>autem</span> <span class='ocrx_word' id='word_1_45' title='bbox 812 963 937 1013; x_wconf 91' lang='lat' dir='ltr'>tam</span> <span class='ocrx_word' id='word_1_46' title='bbox 981 957 1188 1013; x_wconf 89' lang='lat' dir='ltr'>mortis</span> <span class='ocrx_word' id='word_1_47' title='bbox 1219 974 1396 1030; x_wconf 89' lang='lat' dir='ltr'>quam</span> <span class='ocrx_word' id='word_1_48' title='bbox 1428 956 1564 1012; x_wconf 85' lang='lat' dir='ltr'>vitae</span> <span class='ocrx_word' id='word_1_49' title='bbox 1595 962 1687 1012; x_wconf 89' lang='lat' dir='ltr'>ter</span> <span class='ocrx_word' id='word_1_50' title='bbox 1719 956 1846 1031; x_wconf 88' lang='lat' dir='ltr'>jam</span> <span class='ocrx_word' id='word_1_51' title='bbox 1878 956 1962 1012; x_wconf 89' lang='lat' dir='ltr'>fe-</span> 
     </span>
     <span class='ocr_line' id='line_1_9' title="bbox 208 1053 1962 1130; baseline -0.002 -17"><span class='ocrx_word' id='word_1_52' title='bbox 208 1056 393 1114; x_wconf 89' lang='lat' dir='ltr'>cerint</span> <span class='ocrx_word' id='word_1_53' title='bbox 436 1053 783 1130; x_wconf 89' lang='lat' dir='ltr'>periculum,</span> <span class='ocrx_word' id='word_1_54' title='bbox 822 1054 1075 1130; x_wconf 87' lang='lat' dir='ltr'>migrare</span> <span class='ocrx_word' id='word_1_55' title='bbox 1109 1053 1237 1128; x_wconf 90' lang='lat' dir='ltr'>jam</span> <span class='ocrx_word' id='word_1_56' title='bbox 1281 1054 1419 1110; x_wconf 89' lang='lat' dir='ltr'>inde</span> <span class='ocrx_word' id='word_1_57' title='bbox 1464 1054 1688 1110; x_wconf 87' lang='lat' dir='ltr'>animas</span> <span class='ocrx_word' id='word_1_58' title='bbox 1731 1054 1856 1128; x_wconf 86' lang='lat' dir='ltr'>pias</span> <span class='ocrx_word' id='word_1_59' title='bbox 1899 1053 1962 1109; x_wconf 93' lang='lat' dir='ltr'>in</span> 
     </span>
     <span class='ocr_line' id='line_1_10' title="bbox 207 1150 1962 1227; baseline -0.002 -17"><span class='ocrx_word' id='word_1_60' title='bbox 207 1153 462 1227; x_wconf 80' lang='lat' dir='ltr'>aliquam</span> <span class='ocrx_word' id='word_1_61' title='bbox 507 1153 580 1208; x_wconf 91' lang='lat' dir='ltr'>de</span> <span class='ocrx_word' id='word_1_62' title='bbox 619 1152 930 1209; x_wconf 89' lang='lat' dir='ltr'>beatorum</span> <span class='ocrx_word' id='word_1_63' title='bbox 975 1150 1196 1218; x_wconf 87' lang='lat' dir='ltr'>insulis,</span> <span class='ocrx_word' id='word_1_64' title='bbox 1237 1151 1340 1208; x_wconf 89' lang='lat' dir='ltr'>ubi</span> <span class='ocrx_word' id='word_1_65' title='bbox 1385 1170 1577 1208; x_wconf 85' lang='lat' dir='ltr'>vernae</span> <span class='ocrx_word' id='word_1_66' title='bbox 1626 1169 1857 1226; x_wconf 90' lang='lat' dir='ltr'>semper</span> <span class='ocrx_word' id='word_1_67' title='bbox 1900 1156 1962 1207; x_wconf 87' lang='lat' dir='ltr'>et</span> 
     </span>
     <span class='ocr_line' id='line_1_11' title="bbox 207 1248 943 1323; baseline -0.003 -17"><span class='ocrx_word' id='word_1_68' title='bbox 207 1267 358 1306; x_wconf 89' lang='lat' dir='ltr'>aurae</span> <span class='ocrx_word' id='word_1_69' title='bbox 388 1255 450 1305; x_wconf 91' lang='lat' dir='ltr'>et</span> <span class='ocrx_word' id='word_1_70' title='bbox 478 1248 674 1306; x_wconf 85' lang='lat' dir='ltr'>herbae</span> <span class='ocrx_word' id='word_1_71' title='bbox 703 1248 943 1323; x_wconf 78' lang='lat' dir='ltr'>spirant.</span> 
     </span>
    </p>

    <p class='ocr_par' dir='ltr' id='par_1_7' title="bbox 205 1343 1962 1807">
     <span class='ocr_line' id='line_1_12' title="bbox 290 1343 1962 1419; baseline 0.001 -20"><span class='ocrx_word' id='word_1_72' title='bbox 290 1343 447 1400; x_wconf 90' lang='lat' dir='ltr'>Illud</span> <span class='ocrx_word' id='word_1_73' title='bbox 477 1344 538 1400; x_wconf 92' lang='lat' dir='ltr'>in</span> <span class='ocrx_word' id='word_1_74' title='bbox 567 1344 657 1401; x_wconf 92' lang='lat' dir='ltr'>his</span> <span class='ocrx_word' id='word_1_75' title='bbox 686 1344 1007 1401; x_wconf 87' lang='lat' dir='ltr'>molestum</span> <span class='ocrx_word' id='word_1_76' title='bbox 1037 1343 1297 1419; x_wconf 90' lang='lat' dir='ltr'>quidem,</span> <span class='ocrx_word' id='word_1_77' title='bbox 1329 1343 1431 1401; x_wconf 90' lang='lat' dir='ltr'>sed</span> <span class='ocrx_word' id='word_1_78' title='bbox 1462 1343 1727 1399; x_wconf 86' lang='lat' dir='ltr'>maxime</span> <span class='ocrx_word' id='word_1_79' title='bbox 1757 1350 1962 1401; x_wconf 89' lang='lat' dir='ltr'>tamen</span> 
     </span>
     <span class='ocr_line' id='line_1_13' title="bbox 207 1440 1961 1514; baseline -0.001 -15"><span class='ocrx_word' id='word_1_80' title='bbox 207 1460 340 1499; x_wconf 89' lang='lat' dir='ltr'>cum</span> <span class='ocrx_word' id='word_1_81' title='bbox 391 1440 630 1498; x_wconf 91' lang='lat' dir='ltr'>Pindari</span> <span class='ocrx_word' id='word_1_82' title='bbox 685 1441 1011 1498; x_wconf 90' lang='lat' dir='ltr'>rationibus</span> <span class='ocrx_word' id='word_1_83' title='bbox 1070 1441 1461 1508; x_wconf 81' lang='lat' dir='ltr'>consentienS,</span> <span class='ocrx_word' id='word_1_84' title='bbox 1507 1440 1663 1514; x_wconf 90' lang='lat' dir='ltr'>quod</span> <span class='ocrx_word' id='word_1_85' title='bbox 1722 1460 1961 1498; x_wconf 90' lang='lat' dir='ltr'>omnem</span> 
     </span>
     <span class='ocr_line' id='line_1_14' title="bbox 205 1536 1961 1614; baseline 0.001 -19"><span class='ocrx_word' id='word_1_86' title='bbox 205 1538 360 1595; x_wconf 90' lang='lat' dir='ltr'>hunc</span> <span class='ocrx_word' id='word_1_87' title='bbox 403 1539 775 1614; x_wconf 88' lang='lat' dir='ltr'>praemiorum</span> <span class='ocrx_word' id='word_1_88' title='bbox 819 1544 881 1595; x_wconf 93' lang='lat' dir='ltr'>et</span> <span class='ocrx_word' id='word_1_89' title='bbox 924 1557 1231 1613; x_wconf 85' lang='lat' dir='ltr'>poenarum</span> <span class='ocrx_word' id='word_1_90' title='bbox 1272 1544 1619 1613; x_wconf 88' lang='lat' dir='ltr'>apparatum</span> <span class='ocrx_word' id='word_1_91' title='bbox 1661 1536 1798 1594; x_wconf 89' lang='lat' dir='ltr'>solis</span> <span class='ocrx_word' id='word_1_92' title='bbox 1843 1540 1961 1596; x_wconf 90' lang='lat' dir='ltr'>suis</span> 
     </span>
     <span class='ocr_line' id='line_1_15' title="bbox 206 1632 1962 1711; baseline 0 -19"><span class='ocrx_word' id='word_1_93' title='bbox 206 1635 587 1711; x_wconf 84' lang='lat' dir='ltr'>optimatibus</span> <span class='ocrx_word' id='word_1_94' title='bbox 617 1635 830 1692; x_wconf 88' lang='lat' dir='ltr'>servari</span> <span class='ocrx_word' id='word_1_95' title='bbox 855 1634 1016 1691; x_wconf 88' lang='lat' dir='ltr'>dicit.</span> <span class='ocrx_word' id='word_1_96' title='bbox 1077 1634 1235 1691; x_wconf 89' lang='lat' dir='ltr'>Nam</span> <span class='ocrx_word' id='word_1_97' title='bbox 1264 1632 1378 1691; x_wconf 91' lang='lat' dir='ltr'>hoc</span> <span class='ocrx_word' id='word_1_98' title='bbox 1410 1636 1536 1709; x_wconf 91' lang='lat' dir='ltr'>ipso</span> <span class='ocrx_word' id='word_1_99' title='bbox 1567 1634 1806 1692; x_wconf 91' lang='lat' dir='ltr'>nomine</span> <span class='ocrx_word' id='word_1_100' title='bbox 1836 1634 1962 1692; x_wconf 88' lang='lat' dir='ltr'>lau-</span> 
     </span>
     <span class='ocr_line' id='line_1_16' title="bbox 206 1730 1438 1807; baseline -0.001 -18"><span class='ocrx_word' id='word_1_101' title='bbox 206 1733 306 1789; x_wconf 90' lang='lat' dir='ltr'>dat</span> <span class='ocrx_word' id='word_1_102' title='bbox 335 1730 510 1789; x_wconf 89' lang='lat' dir='ltr'>simul</span> <span class='ocrx_word' id='word_1_103' title='bbox 538 1732 937 1806; x_wconf 87' lang='lat' dir='ltr'>admonetque</span> <span class='ocrx_word' id='word_1_104' title='bbox 969 1731 1200 1800; x_wconf 80' lang='lat' dir='ltr'>diviteS‚</span> <span class='ocrx_word' id='word_1_105' title='bbox 1231 1732 1391 1807; x_wconf 89' lang='lat' dir='ltr'>quod</span> <span class='ocrx_word' id='word_1_106' title='bbox 1412 1739 1438 1764; x_wconf 73' lang='lat'>¹¹</span> 
     </span>
    </p>
   </div>
   <div class='ocr_carea' id='block_1_5' title="bbox 203 1858 1960 2453">
    <p class='ocr_par' dir='ltr' id='par_1_8' title="bbox 496 1858 1740 1917">
     <span class='ocr_line' id='line_1_17' title="bbox 496 1858 1740 1917; baseline 0.002 -16"><span class='ocrx_word' id='word_1_107' title='bbox 496 1860 686 1904; x_wconf 83' lang='grc' dir='ltr'>πλοῦτος</span> <span class='ocrx_word' id='word_1_108' title='bbox 706 1858 875 1916; x_wconf 82' lang='grc' dir='ltr'>ἀρεταῖς</span> <span class='ocrx_word' id='word_1_109' title='bbox 897 1859 1226 1916; x_wconf 81' lang='grc' dir='ltr'>δεδαιδαλμένος</span> <span class='ocrx_word' id='word_1_110' title='bbox 1246 1859 1373 1917; x_wconf 82' lang='grc' dir='ltr'>φέρει</span> <span class='ocrx_word' id='word_1_111' title='bbox 1394 1863 1479 1903; x_wconf 87' lang='grc' dir='ltr'>τῶν</span> <span class='ocrx_word' id='word_1_112' title='bbox 1498 1878 1545 1903; x_wconf 88' lang='grc' dir='ltr'>τε</span> <span class='ocrx_word' id='word_1_113' title='bbox 1567 1860 1634 1903; x_wconf 81' lang='grc' dir='ltr'>καὶ</span> <span class='ocrx_word' id='word_1_114' title='bbox 1654 1864 1740 1904; x_wconf 90' lang='grc' dir='ltr'>τῶν</span> 
     </span>
    </p>

    <p class='ocr_par' dir='ltr' id='par_1_9' title="bbox 498 1931 1565 1990">
     <span class='ocr_line' id='line_1_18' title="bbox 498 1931 1565 1990; baseline 0.001 -16"><span class='ocrx_word' id='word_1_115' title='bbox 498 1933 659 1988; x_wconf 86' lang='grc' dir='ltr'>καῖρον,</span> <span class='ocrx_word' id='word_1_116' title='bbox 679 1931 859 1984; x_wconf 84' lang='grc' dir='ltr'>βαθεῖαν</span> <span class='ocrx_word' id='word_1_117' title='bbox 879 1932 1050 1990; x_wconf 79' lang='grc' dir='ltr'>ὑπέχων</span> <span class='ocrx_word' id='word_1_118' title='bbox 1069 1932 1289 1990; x_wconf 90' lang='grc' dir='ltr'>μέριμναν,</span> <span class='ocrx_word' id='word_1_119' title='bbox 1311 1931 1565 1990; x_wconf 84' lang='grc' dir='ltr'>ἀγροτέραν,</span> 
     </span>
    </p>

    <p class='ocr_par' dir='ltr' id='par_1_10' title="bbox 501 2002 1104 2061">
     <span class='ocr_line' id='line_1_19' title="bbox 501 2002 1104 2061; baseline 0.003 -15"><span class='ocrx_word' id='word_1_120' title='bbox 501 2002 641 2060; x_wconf 86' lang='grc' dir='ltr'>ἀστὴρ</span> <span class='ocrx_word' id='word_1_121' title='bbox 660 2002 875 2060; x_wconf 80' lang='grc' dir='ltr'>ἀρίζηλος,</span> <span class='ocrx_word' id='word_1_122' title='bbox 898 2003 1104 2061; x_wconf 82' lang='grc' dir='ltr'>ἐτήτυμον</span> 
     </span>
    </p>

    <p class='ocr_par' dir='ltr' id='par_1_11' title="bbox 203 2073 1960 2453">
     <span class='ocr_line' id='line_1_20' title="bbox 494 2073 821 2134; baseline 0.003 -16"><span class='ocrx_word' id='word_1_123' title='bbox 494 2073 618 2132; x_wconf 83' lang='grc' dir='ltr'>ἀνδρὶ</span> <span class='ocrx_word' id='word_1_124' title='bbox 639 2074 821 2134; x_wconf 81' lang='grc' dir='ltr'>φέγγος.</span> 
     </span>
     <span class='ocr_line' id='line_1_21' title="bbox 207 2181 1960 2260; baseline 0.001 -22"><span class='ocrx_word' id='word_1_125' title='bbox 207 2181 445 2257; x_wconf 88' lang='lat' dir='ltr'>Nempe</span> <span class='ocrx_word' id='word_1_126' title='bbox 475 2183 710 2240; x_wconf 88' lang='lat' dir='ltr'>divitias</span> <span class='ocrx_word' id='word_1_127' title='bbox 754 2183 1074 2241; x_wconf 81' lang='lat' dir='ltr'>comitatur</span> <span class='ocrx_word' id='word_1_128' title='bbox 1103 2184 1328 2253; x_wconf 90' lang='lat' dir='ltr'>otium;</span> <span class='ocrx_word' id='word_1_129' title='bbox 1375 2203 1491 2260; x_wconf 93' lang='lat' dir='ltr'>quo</span> <span class='ocrx_word' id='word_1_130' title='bbox 1532 2183 1580 2241; x_wconf 90' lang='lat' dir='ltr'>si</span> <span class='ocrx_word' id='word_1_131' title='bbox 1621 2189 1783 2240; x_wconf 89' lang='lat' dir='ltr'>recte</span> <span class='ocrx_word' id='word_1_132' title='bbox 1813 2182 1960 2240; x_wconf 85' lang='lat' dir='ltr'>velit</span> 
     </span>
     <span class='ocr_line' id='line_1_22' title="bbox 206 2279 1960 2358; baseline 0.001 -23"><span class='ocrx_word' id='word_1_133' title='bbox 206 2279 332 2354; x_wconf 90' lang='lat' dir='ltr'>quis</span> <span class='ocrx_word' id='word_1_134' title='bbox 376 2280 482 2348; x_wconf 82' lang='lat' dir='ltr'>uti,</span> <span class='ocrx_word' id='word_1_135' title='bbox 517 2282 736 2356; x_wconf 88' lang='lat' dir='ltr'>poterit</span> <span class='ocrx_word' id='word_1_136' title='bbox 779 2281 846 2349; x_wconf 90' lang='grc'>18,</span> <span class='ocrx_word' id='word_1_137' title='bbox 884 2288 1166 2357; x_wconf 88' lang='lat' dir='ltr'>tanquam</span> <span class='ocrx_word' id='word_1_138' title='bbox 1211 2281 1356 2338; x_wconf 86' lang='lat' dir='ltr'>felix</span> <span class='ocrx_word' id='word_1_139' title='bbox 1386 2287 1647 2349; x_wconf 85' lang='lat' dir='ltr'>venator,</span> <span class='ocrx_word' id='word_1_140' title='bbox 1680 2282 1960 2358; x_wconf 90' lang='lat' dir='ltr'>indagare</span> 
     </span>
     <span class='ocr_line' id='line_1_23' title="bbox 203 2376 1959 2453; baseline 0.001 -21"><span class='ocrx_word' id='word_1_141' title='bbox 203 2376 419 2433; x_wconf 90' lang='lat' dir='ltr'>multas</span> <span class='ocrx_word' id='word_1_142' title='bbox 462 2395 822 2453; x_wconf 87' lang='lat' dir='ltr'>magnasque</span> <span class='ocrx_word' id='word_1_143' title='bbox 851 2396 958 2445; x_wconf 89' lang='grc'>168,</span> <span class='ocrx_word' id='word_1_144' title='bbox 991 2384 1170 2453; x_wconf 89' lang='lat' dir='ltr'>atque</span> <span class='ocrx_word' id='word_1_145' title='bbox 1211 2379 1272 2434; x_wconf 92' lang='lat' dir='ltr'>in</span> <span class='ocrx_word' id='word_1_146' title='bbox 1302 2379 1372 2435; x_wconf 91' lang='lat' dir='ltr'>iis</span> <span class='ocrx_word' id='word_1_147' title='bbox 1404 2379 1612 2435; x_wconf 89' lang='lat' dir='ltr'>studiis</span> <span class='ocrx_word' id='word_1_148' title='bbox 1655 2378 1959 2453; x_wconf 88' lang='lat' dir='ltr'>proficere,</span> 
     </span>
    </p>
   </div>
   <div class='ocr_carea' id='block_1_6' title="bbox 205 2473 1483 2662">
    <p class='ocr_par' dir='ltr' id='par_1_12' title="bbox 205 2473 1483 2662">
     <span class='ocr_line' id='line_1_24' title="bbox 205 2473 1353 2547; baseline 0.002 -18"><span class='ocrx_word' id='word_1_149' title='bbox 205 2492 331 2547; x_wconf 87' lang='lat' dir='ltr'>quae</span> <span class='ocrx_word' id='word_1_150' title='bbox 363 2492 561 2530; x_wconf 87' lang='lat' dir='ltr'>veram</span> <span class='ocrx_word' id='word_1_151' title='bbox 590 2473 815 2530; x_wconf 90' lang='lat' dir='ltr'>homini</span> <span class='ocrx_word' id='word_1_152' title='bbox 845 2473 1042 2531; x_wconf 92' lang='lat' dir='ltr'>lucem</span> <span class='ocrx_word' id='word_1_153' title='bbox 1072 2474 1353 2532; x_wconf 86' lang='lat' dir='ltr'>afferant:</span> 
     </span>
     <span class='ocr_line' id='line_1_25' title="bbox 555 2601 1483 2662; baseline 0.001 -16"><span class='ocrx_word' id='word_1_154' title='bbox 555 2603 594 2646; x_wconf 86' lang='grc' dir='ltr'>εἴ</span> <span class='ocrx_word' id='word_1_155' title='bbox 614 2603 660 2646; x_wconf 83' lang='grc' dir='ltr'>δέ</span> <span class='ocrx_word' id='word_1_156' title='bbox 680 2604 871 2648; x_wconf 86' lang='grc' dir='ltr'>πλοῦτον</span> <span class='ocrx_word' id='word_1_157' title='bbox 891 2604 981 2662; x_wconf 78' lang='grc' dir='ltr'>ἕχει</span> <span class='ocrx_word' id='word_1_158' title='bbox 1002 2622 1079 2657; x_wconf 82' lang='grc' dir='ltr'>τις,</span> <span class='ocrx_word' id='word_1_159' title='bbox 1101 2601 1216 2648; x_wconf 83' lang='grc' dir='ltr'>οἶδεν</span> <span class='ocrx_word' id='word_1_160' title='bbox 1234 2605 1284 2648; x_wconf 87' lang='grc' dir='ltr'>τὸ</span> <span class='ocrx_word' id='word_1_161' title='bbox 1305 2603 1483 2662; x_wconf 82' lang='grc' dir='ltr'>μέλλον·</span> 
     </span>
    </p>
   </div>
   <div class='ocr_carea' id='block_1_7' title="bbox 202 2709 1960 3558">
    <p class='ocr_par' dir='ltr' id='par_1_13' title="bbox 202 2709 1960 3463">
     <span class='ocr_line' id='line_1_26' title="bbox 206 2709 1960 2787; baseline 0.002 -22"><span class='ocrx_word' id='word_1_162' title='bbox 206 2709 279 2765; x_wconf 91' lang='lat' dir='ltr'>de</span> <span class='ocrx_word' id='word_1_163' title='bbox 309 2709 540 2766; x_wconf 87' lang='lat' dir='ltr'>caeteris</span> <span class='ocrx_word' id='word_1_164' title='bbox 575 2709 764 2767; x_wconf 89' lang='lat' dir='ltr'>altum</span> <span class='ocrx_word' id='word_1_165' title='bbox 801 2710 1121 2769; x_wconf 87' lang='lat' dir='ltr'>silentium.</span> <span class='ocrx_word' id='word_1_166' title='bbox 1210 2710 1416 2787; x_wconf 88' lang='lat' dir='ltr'>Atque</span> <span class='ocrx_word' id='word_1_167' title='bbox 1447 2713 1626 2769; x_wconf 91' lang='lat' dir='ltr'>etiam</span> <span class='ocrx_word' id='word_1_168' title='bbox 1672 2711 1828 2787; x_wconf 90' lang='lat' dir='ltr'>apud</span> <span class='ocrx_word' id='word_1_169' title='bbox 1871 2712 1960 2786; x_wconf 91' lang='lat' dir='ltr'>ip-</span> 
     </span>
     <span class='ocr_line' id='line_1_27' title="bbox 206 2803 1960 2881; baseline 0 -21"><span class='ocrx_word' id='word_1_170' title='bbox 206 2822 334 2861; x_wconf 87' lang='lat' dir='ltr'>sum</span> <span class='ocrx_word' id='word_1_171' title='bbox 379 2803 647 2880; x_wconf 87' lang='lat' dir='ltr'>Elysium</span> <span class='ocrx_word' id='word_1_172' title='bbox 694 2806 935 2881; x_wconf 91' lang='lat' dir='ltr'>ponitur</span> <span class='ocrx_word' id='word_1_173' title='bbox 985 2806 1047 2862; x_wconf 93' lang='lat' dir='ltr'>in</span> <span class='ocrx_word' id='word_1_174' title='bbox 1092 2806 1210 2862; x_wconf 90' lang='lat' dir='ltr'>fine</span> <span class='ocrx_word' id='word_1_175' title='bbox 1256 2806 1547 2863; x_wconf 88' lang='lat' dir='ltr'>bonorum</span> <span class='ocrx_word' id='word_1_176' title='bbox 1592 2805 1960 2862; x_wconf 85' lang='lat' dir='ltr'>familiariter</span> 
     </span>
     <span class='ocr_line' id='line_1_28' title="bbox 204 2900 1958 2977; baseline 0.001 -21"><span class='ocrx_word' id='word_1_177' title='bbox 204 2902 293 2956; x_wconf 91' lang='lat' dir='ltr'>uti</span> <span class='ocrx_word' id='word_1_178' title='bbox 324 2900 525 2969; x_wconf 78' lang='lat' dir='ltr'>Peleo,</span> <span class='ocrx_word' id='word_1_179' title='bbox 555 2901 798 2970; x_wconf 84' lang='lat' dir='ltr'>Cadm0‚</span> <span class='ocrx_word' id='word_1_180' title='bbox 830 2901 1089 2970; x_wconf 86' lang='lat' dir='ltr'>Achille,</span> <span class='ocrx_word' id='word_1_181' title='bbox 1120 2903 1367 2968; x_wconf 83' lang='lat' dir='ltr'>caeteriS‚</span> <span class='ocrx_word' id='word_1_182' title='bbox 1399 2921 1648 2977; x_wconf 91' lang='lat' dir='ltr'>quorum</span> <span class='ocrx_word' id='word_1_183' title='bbox 1683 2920 1746 2958; x_wconf 93' lang='grc'>86</span> <span class='ocrx_word' id='word_1_184' title='bbox 1777 2903 1958 2977; x_wconf 83' lang='lat' dir='ltr'>stirpe</span> 
     </span>
     <span class='ocr_line' id='line_1_29' title="bbox 204 2995 1959 3074; baseline 0.001 -22"><span class='ocrx_word' id='word_1_185' title='bbox 204 2995 430 3054; x_wconf 90' lang='lat' dir='ltr'>nobiles</span> <span class='ocrx_word' id='word_1_186' title='bbox 479 2996 669 3054; x_wconf 87' lang='lat' dir='ltr'>Graeci</span> <span class='ocrx_word' id='word_1_187' title='bbox 704 2998 1031 3073; x_wconf 84' lang='lat' dir='ltr'>jactabant.</span> <span class='ocrx_word' id='word_1_188' title='bbox 1120 2997 1491 3074; x_wconf 90' lang='lat' dir='ltr'>Optimatem</span> <span class='ocrx_word' id='word_1_189' title='bbox 1545 2999 1782 3074; x_wconf 85' lang='lat' dir='ltr'>sapiunt</span> <span class='ocrx_word' id='word_1_190' title='bbox 1834 3017 1959 3054; x_wconf 89' lang='lat' dir='ltr'>om-</span> 
     </span>
     <span class='ocr_line' id='line_1_30' title="bbox 203 3092 1958 3171; baseline 0.001 -22"><span class='ocrx_word' id='word_1_191' title='bbox 203 3092 317 3159; x_wconf 89' lang='lat' dir='ltr'>nia,</span> <span class='ocrx_word' id='word_1_192' title='bbox 361 3094 469 3150; x_wconf 86' lang='lat' dir='ltr'>sub</span> <span class='ocrx_word' id='word_1_193' title='bbox 509 3092 667 3151; x_wconf 89' lang='lat' dir='ltr'>Orco</span> <span class='ocrx_word' id='word_1_194' title='bbox 705 3114 956 3171; x_wconf 90' lang='lat' dir='ltr'>quoque.</span> <span class='ocrx_word' id='word_1_195' title='bbox 1046 3095 1167 3153; x_wconf 78' lang='lat' dir='ltr'>Sed</span> <span class='ocrx_word' id='word_1_196' title='bbox 1210 3103 1412 3152; x_wconf 92' lang='lat' dir='ltr'>tamen</span> <span class='ocrx_word' id='word_1_197' title='bbox 1456 3095 1609 3151; x_wconf 90' lang='lat' dir='ltr'>inest</span> <span class='ocrx_word' id='word_1_198' title='bbox 1649 3102 1710 3151; x_wconf 90' lang='lat' dir='ltr'>et</span> <span class='ocrx_word' id='word_1_199' title='bbox 1755 3095 1816 3150; x_wconf 90' lang='lat' dir='ltr'>in</span> <span class='ocrx_word' id='word_1_200' title='bbox 1867 3094 1958 3151; x_wconf 91' lang='lat' dir='ltr'>his</span> 
     </span>
     <span class='ocr_line' id='line_1_31' title="bbox 204 3190 1954 3269; baseline 0.001 -23"><span class='ocrx_word' id='word_1_201' title='bbox 204 3190 505 3266; x_wconf 91' lang='lat' dir='ltr'>egregium</span> <span class='ocrx_word' id='word_1_202' title='bbox 556 3191 802 3266; x_wconf 77' lang='lat' dir='ltr'>poeticae</span> <span class='ocrx_word' id='word_1_203' title='bbox 859 3191 1149 3250; x_wconf 89' lang='lat' dir='ltr'>libertatis</span> <span class='ocrx_word' id='word_1_204' title='bbox 1200 3194 1538 3269; x_wconf 85' lang='lat' dir='ltr'>specimen;</span> <span class='ocrx_word' id='word_1_205' title='bbox 1599 3211 1745 3265; x_wconf 91' lang='lat' dir='ltr'>quos</span> <span class='ocrx_word' id='word_1_206' title='bbox 1797 3192 1954 3247; x_wconf 89' lang='lat' dir='ltr'>enim</span> 
     </span>
     <span class='ocr_line' id='line_1_32' title="bbox 203 3287 1954 3364; baseline 0.001 -22"><span class='ocrx_word' id='word_1_207' title='bbox 203 3287 375 3362; x_wconf 84' lang='lat' dir='ltr'>erigit</span> <span class='ocrx_word' id='word_1_208' title='bbox 427 3287 611 3364; x_wconf 87' lang='lat' dir='ltr'>Elysii</span> <span class='ocrx_word' id='word_1_209' title='bbox 663 3308 781 3364; x_wconf 87' lang='lat' dir='ltr'>spe,</span> <span class='ocrx_word' id='word_1_210' title='bbox 830 3290 1039 3346; x_wconf 89' lang='lat' dir='ltr'>iisdem</span> <span class='ocrx_word' id='word_1_211' title='bbox 1093 3290 1229 3347; x_wconf 88' lang='lat' dir='ltr'>solis</span> <span class='ocrx_word' id='word_1_212' title='bbox 1287 3290 1546 3346; x_wconf 87' lang='lat' dir='ltr'>minatur</span> <span class='ocrx_word' id='word_1_213' title='bbox 1598 3289 1954 3345; x_wconf 87' lang='lat' dir='ltr'>Tartarum:</span> 
     </span>
     <span class='ocr_line' id='line_1_33' title="bbox 202 3383 1714 3463; baseline 0.001 -25"><span class='ocrx_word' id='word_1_214' title='bbox 202 3383 551 3458; x_wconf 87' lang='lat' dir='ltr'>primoribus</span> <span class='ocrx_word' id='word_1_215' title='bbox 580 3405 795 3461; x_wconf 89' lang='lat' dir='ltr'>nempe</span> <span class='ocrx_word' id='word_1_216' title='bbox 824 3387 960 3443; x_wconf 83' lang='lat' dir='ltr'>viris</span> <span class='ocrx_word' id='word_1_217' title='bbox 991 3386 1085 3443; x_wconf 89' lang='lat' dir='ltr'>vel</span> <span class='ocrx_word' id='word_1_218' title='bbox 1114 3405 1331 3463; x_wconf 83' lang='lat' dir='ltr'>genere</span> <span class='ocrx_word' id='word_1_219' title='bbox 1361 3386 1457 3442; x_wconf 88' lang='lat' dir='ltr'>vel</span> <span class='ocrx_word' id='word_1_220' title='bbox 1489 3385 1714 3461; x_wconf 90' lang='lat' dir='ltr'>opibus.</span> 
     </span>
    </p>

    <p class='ocr_par' dir='ltr' id='par_1_14' title="bbox 289 3477 1955 3558">
     <span class='ocr_line' id='line_1_34' title="bbox 289 3477 1955 3558; baseline 0.001 -23"><span class='ocrx_word' id='word_1_221' title='bbox 289 3477 470 3537; x_wconf 91' lang='lat' dir='ltr'>Porro</span> <span class='ocrx_word' id='word_1_222' title='bbox 500 3488 627 3538; x_wconf 88' lang='lat' dir='ltr'>tum</span> <span class='ocrx_word' id='word_1_223' title='bbox 662 3482 758 3538; x_wconf 90' lang='lat' dir='ltr'>hic</span> <span class='ocrx_word' id='word_1_224' title='bbox 788 3489 918 3539; x_wconf 89' lang='lat' dir='ltr'>tum</span> <span class='ocrx_word' id='word_1_225' title='bbox 948 3482 1087 3539; x_wconf 90' lang='lat' dir='ltr'>alibi</span> <span class='ocrx_word' id='word_1_226' title='bbox 1132 3502 1251 3539; x_wconf 92' lang='grc'>11011</span> <span class='ocrx_word' id='word_1_227' title='bbox 1292 3482 1475 3540; x_wconf 87' lang='grc'>8611161</span> <span class='ocrx_word' id='word_1_228' title='bbox 1506 3480 1862 3558; x_wconf 77' lang='lat' dir='ltr'>Pythagorae</span> <span class='ocrx_word' id='word_1_229' title='bbox 1892 3499 1955 3537; x_wconf 91' lang='lat' dir='ltr'>se</span> 
     </span>
    </p>
   </div>
   <div class='ocr_carea' id='block_1_8' title="bbox 928 3645 1231 3700">
    <p class='ocr_par' dir='ltr' id='par_1_15' title="bbox 928 3645 1231 3700">
     <span class='ocr_line' id='line_1_35' title="bbox 928 3645 1231 3700; baseline -0.003 -11"><span class='ocrx_word' id='word_1_230' title='bbox 928 3652 948 3671; x_wconf 72' lang='lat'>⁸¹</span> <span class='ocrx_word' id='word_1_231' title='bbox 972 3645 1040 3689; x_wconf 87' lang='lat' dir='ltr'>Ol.</span> <span class='ocrx_word' id='word_1_232' title='bbox 1066 3659 1105 3689; x_wconf 88' lang='lat'>2.</span> <span class='ocrx_word' id='word_1_233' title='bbox 1135 3656 1231 3700; x_wconf 90' lang='lat'><strong>105.</strong></span> 
     </span>
    </p>
   </div>
  </div>
 </body>
</html>
