<?xml version="1.0" encoding="UTF-8"?>
<!DOCTYPE html PUBLIC "-//W3C//DTD XHTML 1.0 Transitional//EN"
    "http://www.w3.org/TR/xhtml1/DTD/xhtml1-transitional.dtd">
<html xmlns="http://www.w3.org/1999/xhtml" xml:lang="en" lang="en">
 <head>
  <title>
</title>
<meta http-equiv="Content-Type" content="text/html;charset=utf-8" />
  <meta name='ocr-system' content='tesseract 3.04.00' />
  <meta name='ocr-capabilities' content='ocr_page ocr_carea ocr_par ocr_line ocrx_word'/>
</head>
<body>
  <div class='ocr_page' id='page_1' title='image "./a588873902kebluoft_0040.png"; bbox 0 0 2288 4036; ppageno 0'>
   <div class='ocr_carea' id='block_1_1' title="bbox 297 78 2097 144">
    <p class='ocr_par' dir='ltr' id='par_1_1' title="bbox 297 78 2097 144">
     <span class='ocr_line' id='line_1_1' title="bbox 297 78 2097 144; baseline 0.001 -13"><span class='ocrx_word' id='word_1_1' title='bbox 297 81 407 132; x_wconf 77' lang='lat'>418</span> <span class='ocrx_word' id='word_1_2' title='bbox 720 81 805 133; x_wconf 79' lang='lat' dir='ltr'>De</span> <span class='ocrx_word' id='word_1_3' title='bbox 827 79 1021 133; x_wconf 72' lang='lat' dir='ltr'>Furiis</span> <span class='ocrx_word' id='word_1_4' title='bbox 1050 79 1278 133; x_wconf 75' lang='lat' dir='ltr'><strong><em>Orestem</em></strong></span> <span class='ocrx_word' id='word_1_5' title='bbox 1303 78 1621 144; x_wconf 56' lang='lat' dir='ltr'>scammatibus,</span> <span class='ocrx_word' id='word_1_6' title='bbox 1776 98 1942 132; x_wconf 76' lang='lat' dir='ltr'>PRAEL.</span> <span class='ocrx_word' id='word_1_7' title='bbox 1962 97 2097 133; x_wconf 82' lang='lat' dir='ltr'>xxn.</span> 
     </span>
    </p>
   </div>
   <div class='ocr_carea' id='block_1_2' title="bbox 299 227 2111 3436">
    <p class='ocr_par' dir='ltr' id='par_1_2' title="bbox 299 227 2106 404">
     <span class='ocr_line' id='line_1_2' title="bbox 299 227 2106 308; baseline 0.001 -23"><span class='ocrx_word' id='word_1_8' title='bbox 299 228 405 286; x_wconf 85' lang='lat' dir='ltr'>illo</span> <span class='ocrx_word' id='word_1_9' title='bbox 459 229 588 306; x_wconf 86' lang='lat' dir='ltr'>ipso</span> <span class='ocrx_word' id='word_1_10' title='bbox 628 234 903 306; x_wconf 90' lang='lat' dir='ltr'>tempore</span> <span class='ocrx_word' id='word_1_11' title='bbox 951 227 1101 285; x_wconf 89' lang='lat' dir='ltr'><strong>nihil</strong></span> <span class='ocrx_word' id='word_1_12' title='bbox 1151 248 1273 285; x_wconf 91' lang='lat' dir='ltr'>non</span> <span class='ocrx_word' id='word_1_13' title='bbox 1314 234 1592 291; x_wconf 75' lang='lat' dir='ltr'>occurrat</span> <span class='ocrx_word' id='word_1_14' title='bbox 1631 248 1872 308; x_wconf 82' lang='lat' dir='ltr'>angore,</span> <span class='ocrx_word' id='word_1_15' title='bbox 1910 235 2106 298; x_wconf 75' lang='lat' dir='ltr'>metU,</span> 
     </span>
     <span class='ocr_line' id='line_1_3' title="bbox 300 328 1337 404; baseline 0.002 -20"><span class='ocrx_word' id='word_1_16' title='bbox 300 328 591 404; x_wconf 75' lang='lat' dir='ltr'>squalore,</span> <span class='ocrx_word' id='word_1_17' title='bbox 621 328 915 396; x_wconf 82' lang='lat' dir='ltr'>odiosum,</span> <span class='ocrx_word' id='word_1_18' title='bbox 948 328 1337 403; x_wconf 76' lang='lat' dir='ltr'>foedumque:</span> 
     </span>
    </p>

    <p class='ocr_par' dir='ltr' id='par_1_3' title="bbox 663 443 1683 504">
     <span class='ocr_line' id='line_1_4' title="bbox 663 443 1683 504; baseline 0.002 -15"><span class='ocrx_word' id='word_1_19' title='bbox 663 443 689 502; x_wconf 85' lang='grc' dir='ltr'>ἢ</span> <span class='ocrx_word' id='word_1_20' title='bbox 713 445 832 490; x_wconf 87' lang='grc' dir='ltr'>δεινὰ</span> <span class='ocrx_word' id='word_1_21' title='bbox 852 444 994 503; x_wconf 82' lang='grc' dir='ltr'>λέξαι,</span> <span class='ocrx_word' id='word_1_22' title='bbox 1019 444 1138 489; x_wconf 87' lang='grc' dir='ltr'>δεινὰ</span> <span class='ocrx_word' id='word_1_23' title='bbox 1160 443 1197 488; x_wconf 78' lang='grc' dir='ltr'>δ’</span> <span class='ocrx_word' id='word_1_24' title='bbox 1221 443 1474 504; x_wconf 83' lang='grc' dir='ltr'>ὀφθαλμοῖς</span> <span class='ocrx_word' id='word_1_25' title='bbox 1494 445 1683 504; x_wconf 75' lang='grc' dir='ltr'>δρακεῖν,</span> 
     </span>
    </p>

    <p class='ocr_par' dir='ltr' id='par_1_4' title="bbox 665 518 1629 578">
     <span class='ocr_line' id='line_1_5' title="bbox 665 518 1629 578; baseline 0 -14"><span class='ocrx_word' id='word_1_26' title='bbox 665 518 798 565; x_wconf 84' lang='grc' dir='ltr'>πάλιν</span> <span class='ocrx_word' id='word_1_27' title='bbox 817 518 860 577; x_wconf 89' lang='grc' dir='ltr'>μ’</span> <span class='ocrx_word' id='word_1_28' title='bbox 883 519 1086 578; x_wconf 73' lang='grc' dir='ltr'>ἔπεμψεν</span> <span class='ocrx_word' id='word_1_29' title='bbox 1108 518 1153 562; x_wconf 88' lang='grc' dir='ltr'>ἐκ</span> <span class='ocrx_word' id='word_1_30' title='bbox 1177 518 1324 576; x_wconf 83' lang='grc' dir='ltr'>δόμων</span> <span class='ocrx_word' id='word_1_31' title='bbox 1343 523 1430 564; x_wconf 84' lang='grc' dir='ltr'>τῶν</span> <span class='ocrx_word' id='word_1_32' title='bbox 1451 519 1629 576; x_wconf 78' lang='grc' dir='ltr'>Λοξίου.</span> 
     </span>
    </p>

    <p class='ocr_par' dir='ltr' id='par_1_5' title="bbox 301 630 2111 2201">
     <span class='ocr_line' id='line_1_6' title="bbox 390 630 2107 710; baseline 0.002 -22"><span class='ocrx_word' id='word_1_33' title='bbox 390 630 486 688; x_wconf 86' lang='lat' dir='ltr'>Ex</span> <span class='ocrx_word' id='word_1_34' title='bbox 533 651 652 708; x_wconf 89' lang='lat' dir='ltr'>quo</span> <span class='ocrx_word' id='word_1_35' title='bbox 700 631 1080 709; x_wconf 78' lang='lat' dir='ltr'>intelligitur,</span> <span class='ocrx_word' id='word_1_36' title='bbox 1123 650 1305 707; x_wconf 91' lang='lat' dir='ltr'>quam</span> <span class='ocrx_word' id='word_1_37' title='bbox 1351 631 1414 689; x_wconf 90' lang='lat' dir='ltr'>id</span> <span class='ocrx_word' id='word_1_38' title='bbox 1465 638 1686 709; x_wconf 86' lang='lat' dir='ltr'>praeter</span> <span class='ocrx_word' id='word_1_39' title='bbox 1729 651 1916 709; x_wconf 88' lang='lat' dir='ltr'>spem,</span> <span class='ocrx_word' id='word_1_40' title='bbox 1953 651 2107 710; x_wconf 85' lang='lat' dir='ltr'>prae-</span> 
     </span>
     <span class='ocr_line' id='line_1_7' title="bbox 301 729 2107 809; baseline 0.001 -22"><span class='ocrx_word' id='word_1_41' title='bbox 301 738 515 806; x_wconf 91' lang='lat' dir='ltr'>terque</span> <span class='ocrx_word' id='word_1_42' title='bbox 557 730 933 790; x_wconf 87' lang='lat' dir='ltr'>voluntatem</span> <span class='ocrx_word' id='word_1_43' title='bbox 977 730 1250 789; x_wconf 89' lang='lat' dir='ltr'>accidere</span> <span class='ocrx_word' id='word_1_44' title='bbox 1297 729 1505 800; x_wconf 80' lang='lat' dir='ltr'>soleat,</span> <span class='ocrx_word' id='word_1_45' title='bbox 1537 732 1698 807; x_wconf 92' lang='lat' dir='ltr'>quod</span> <span class='ocrx_word' id='word_1_46' title='bbox 1739 732 1824 809; x_wconf 91' lang='lat' dir='ltr'>pii</span> <span class='ocrx_word' id='word_1_47' title='bbox 1866 751 2107 808; x_wconf 89' lang='lat' dir='ltr'>quoque</span> 
     </span>
     <span class='ocr_line' id='line_1_8' title="bbox 302 829 2108 908; baseline 0.001 -23"><span class='ocrx_word' id='word_1_48' title='bbox 302 848 634 907; x_wconf 82' lang='lat' dir='ltr'>gravesque</span> <span class='ocrx_word' id='word_1_49' title='bbox 680 829 789 886; x_wconf 80' lang='lat' dir='ltr'>viri</span> <span class='ocrx_word' id='word_1_50' title='bbox 835 849 913 887; x_wconf 94' lang='lat' dir='ltr'>ne</span> <span class='ocrx_word' id='word_1_51' title='bbox 957 829 1021 886; x_wconf 91' lang='lat' dir='ltr'>in</span> <span class='ocrx_word' id='word_1_52' title='bbox 1067 829 1284 887; x_wconf 91' lang='lat' dir='ltr'>divinis</span> <span class='ocrx_word' id='word_1_53' title='bbox 1331 829 1576 906; x_wconf 91' lang='lat' dir='ltr'>quidem</span> <span class='ocrx_word' id='word_1_54' title='bbox 1621 829 1801 888; x_wconf 90' lang='lat' dir='ltr'>rebus</span> <span class='ocrx_word' id='word_1_55' title='bbox 1845 830 2108 908; x_wconf 88' lang='lat' dir='ltr'>reperire</span> 
     </span>
     <span class='ocr_line' id='line_1_9' title="bbox 301 929 2109 1006; baseline -0.001 -20"><span class='ocrx_word' id='word_1_56' title='bbox 301 929 534 1005; x_wconf 82' lang='lat' dir='ltr'>possint</span> <span class='ocrx_word' id='word_1_57' title='bbox 586 947 824 1006; x_wconf 86' lang='lat' dir='ltr'>semper</span> <span class='ocrx_word' id='word_1_58' title='bbox 876 948 1011 986; x_wconf 89' lang='lat' dir='ltr'>eam</span> <span class='ocrx_word' id='word_1_59' title='bbox 1062 949 1247 1005; x_wconf 89' lang='lat' dir='ltr'>quam</span> <span class='ocrx_word' id='word_1_60' title='bbox 1300 935 1601 1006; x_wconf 83' lang='lat' dir='ltr'>expetunt</span> <span class='ocrx_word' id='word_1_61' title='bbox 1651 948 1900 1006; x_wconf 82' lang='lat' dir='ltr'>pacem:</span> <span class='ocrx_word' id='word_1_62' title='bbox 1962 929 2109 1006; x_wconf 90' lang='lat' dir='ltr'>quin</span> 
     </span>
     <span class='ocr_line' id='line_1_10' title="bbox 303 1027 2110 1107; baseline 0.001 -23"><span class='ocrx_word' id='word_1_63' title='bbox 303 1027 461 1085; x_wconf 87' lang='lat' dir='ltr'>circa</span> <span class='ocrx_word' id='word_1_64' title='bbox 482 1047 612 1086; x_wconf 91' lang='lat' dir='ltr'>aras</span> <span class='ocrx_word' id='word_1_65' title='bbox 636 1028 820 1086; x_wconf 91' lang='lat' dir='ltr'>etiam</span> <span class='ocrx_word' id='word_1_66' title='bbox 846 1034 909 1086; x_wconf 93' lang='lat' dir='ltr'>et</span> <span class='ocrx_word' id='word_1_67' title='bbox 934 1029 1117 1107; x_wconf 85' lang='lat' dir='ltr'>adyta</span> <span class='ocrx_word' id='word_1_68' title='bbox 1147 1028 1350 1087; x_wconf 88' lang='lat' dir='ltr'>nescio</span> <span class='ocrx_word' id='word_1_69' title='bbox 1376 1028 1680 1105; x_wconf 88' lang='lat' dir='ltr'>quomodo</span> <span class='ocrx_word' id='word_1_70' title='bbox 1710 1035 2110 1105; x_wconf 86' lang='lat' dir='ltr'>torqueantur</span> 
     </span>
     <span class='ocr_line' id='line_1_11' title="bbox 303 1125 2110 1196; baseline -0.001 -11"><span class='ocrx_word' id='word_1_71' title='bbox 303 1127 509 1196; x_wconf 90' lang='lat' dir='ltr'>animi,</span> <span class='ocrx_word' id='word_1_72' title='bbox 559 1126 655 1185; x_wconf 90' lang='lat' dir='ltr'>vel</span> <span class='ocrx_word' id='word_1_73' title='bbox 714 1127 1008 1186; x_wconf 89' lang='lat' dir='ltr'>memoria</span> <span class='ocrx_word' id='word_1_74' title='bbox 1060 1126 1440 1195; x_wconf 84' lang='lat' dir='ltr'>delictorum,</span> <span class='ocrx_word' id='word_1_75' title='bbox 1495 1126 1592 1186; x_wconf 84' lang='lat' dir='ltr'>vel</span> <span class='ocrx_word' id='word_1_76' title='bbox 1640 1127 1941 1185; x_wconf 87' lang='lat' dir='ltr'>erroribus</span> <span class='ocrx_word' id='word_1_77' title='bbox 1990 1125 2110 1184; x_wconf 92' lang='lat' dir='ltr'>illis</span> 
     </span>
     <span class='ocr_line' id='line_1_12' title="bbox 303 1226 2110 1305; baseline -0.001 -19"><span class='ocrx_word' id='word_1_78' title='bbox 303 1235 575 1304; x_wconf 81' lang='lat' dir='ltr'>aestuque</span> <span class='ocrx_word' id='word_1_79' title='bbox 605 1234 899 1304; x_wconf 90' lang='lat' dir='ltr'>perpetuo</span> <span class='ocrx_word' id='word_1_80' title='bbox 930 1234 1179 1305; x_wconf 85' lang='lat' dir='ltr'>propter</span> <span class='ocrx_word' id='word_1_81' title='bbox 1208 1227 1565 1305; x_wconf 76' lang='lat' dir='ltr'>inaequalem</span> <span class='ocrx_word' id='word_1_82' title='bbox 1606 1226 1954 1290; x_wconf 85' lang='lat' dir='ltr'>mortalium</span> <span class='ocrx_word' id='word_1_83' title='bbox 1987 1246 2110 1285; x_wconf 86' lang='lat' dir='ltr'>sor-</span> 
     </span>
     <span class='ocr_line' id='line_1_13' title="bbox 303 1326 2108 1397; baseline 0.001 -13"><span class='ocrx_word' id='word_1_84' title='bbox 303 1334 449 1385; x_wconf 89' lang='lat' dir='ltr'>tem.</span> <span class='ocrx_word' id='word_1_85' title='bbox 540 1326 721 1397; x_wconf 83' lang='lat' dir='ltr'>Quod</span> <span class='ocrx_word' id='word_1_86' title='bbox 758 1329 920 1386; x_wconf 91' lang='lat' dir='ltr'>idem</span> <span class='ocrx_word' id='word_1_87' title='bbox 954 1328 1158 1386; x_wconf 87' lang='lat' dir='ltr'>nescio</span> <span class='ocrx_word' id='word_1_88' title='bbox 1193 1347 1270 1386; x_wconf 94' lang='lat' dir='ltr'>an</span> <span class='ocrx_word' id='word_1_89' title='bbox 1302 1327 1399 1387; x_wconf 83' lang='lat' dir='ltr'>vel</span> <span class='ocrx_word' id='word_1_90' title='bbox 1432 1327 1773 1386; x_wconf 85' lang='lat' dir='ltr'>evidentius</span> <span class='ocrx_word' id='word_1_91' title='bbox 1808 1328 1870 1385; x_wconf 90' lang='lat' dir='ltr'>in</span> <span class='ocrx_word' id='word_1_92' title='bbox 1902 1327 2108 1386; x_wconf 85' lang='lat' dir='ltr'>oculos</span> 
     </span>
     <span class='ocr_line' id='line_1_14' title="bbox 303 1426 2107 1506; baseline 0 -22"><span class='ocrx_word' id='word_1_93' title='bbox 303 1427 588 1496; x_wconf 81' lang='lat' dir='ltr'>incurrat,</span> <span class='ocrx_word' id='word_1_94' title='bbox 642 1428 864 1489; x_wconf 90' lang='lat' dir='ltr'>iterum</span> <span class='ocrx_word' id='word_1_95' title='bbox 910 1429 1043 1506; x_wconf 87' lang='lat' dir='ltr'>jam</span> <span class='ocrx_word' id='word_1_96' title='bbox 1093 1428 1552 1504; x_wconf 90' lang='lat' dir='ltr'>insequentibus</span> <span class='ocrx_word' id='word_1_97' title='bbox 1595 1427 1878 1487; x_wconf 88' lang='lat' dir='ltr'>Orestem</span> <span class='ocrx_word' id='word_1_98' title='bbox 1926 1426 2107 1494; x_wconf 87' lang='lat' dir='ltr'>Diris,</span> 
     </span>
     <span class='ocr_line' id='line_1_15' title="bbox 304 1525 2106 1605; baseline 0.001 -21"><span class='ocrx_word' id='word_1_99' title='bbox 304 1534 368 1584; x_wconf 85' lang='lat' dir='ltr'>et</span> <span class='ocrx_word' id='word_1_100' title='bbox 429 1546 463 1584; x_wconf 94' lang='lat' dir='ltr'>e</span> <span class='ocrx_word' id='word_1_101' title='bbox 525 1527 780 1605; x_wconf 85' lang='lat' dir='ltr'>vestigio</span> <span class='ocrx_word' id='word_1_102' title='bbox 849 1527 1282 1605; x_wconf 88' lang='lat' dir='ltr'>apparentibus</span> <span class='ocrx_word' id='word_1_103' title='bbox 1355 1528 1419 1585; x_wconf 91' lang='lat' dir='ltr'>in</span> <span class='ocrx_word' id='word_1_104' title='bbox 1485 1527 1717 1605; x_wconf 89' lang='lat' dir='ltr'>templo</span> <span class='ocrx_word' id='word_1_105' title='bbox 1785 1525 2106 1586; x_wconf 78' lang='lat' dir='ltr'>Minervae.</span> 
     </span>
     <span class='ocr_line' id='line_1_16' title="bbox 302 1623 2109 1704; baseline 0.003 -22"><span class='ocrx_word' id='word_1_106' title='bbox 302 1623 482 1695; x_wconf 81' lang='lat' dir='ltr'>Quod</span> <span class='ocrx_word' id='word_1_107' title='bbox 537 1626 584 1683; x_wconf 89' lang='lat' dir='ltr'>si</span> <span class='ocrx_word' id='word_1_108' title='bbox 637 1645 904 1702; x_wconf 87' lang='lat' dir='ltr'>unquam</span> <span class='ocrx_word' id='word_1_109' title='bbox 958 1626 1085 1685; x_wconf 85' lang='lat' dir='ltr'>ullo</span> <span class='ocrx_word' id='word_1_110' title='bbox 1138 1627 1202 1684; x_wconf 90' lang='lat' dir='ltr'>in</span> <span class='ocrx_word' id='word_1_111' title='bbox 1261 1625 1396 1685; x_wconf 90' lang='lat' dir='ltr'>loco</span> <span class='ocrx_word' id='word_1_112' title='bbox 1449 1634 1657 1684; x_wconf 91' lang='lat' dir='ltr'>tutum</span> <span class='ocrx_word' id='word_1_113' title='bbox 1710 1634 2109 1704; x_wconf 90' lang='lat' dir='ltr'>sanctumque</span> 
     </span>
     <span class='ocr_line' id='line_1_17' title="bbox 303 1725 2110 1804; baseline 0.002 -21"><span class='ocrx_word' id='word_1_114' title='bbox 303 1733 586 1802; x_wconf 82' lang='lat' dir='ltr'>praestare</span> <span class='ocrx_word' id='word_1_115' title='bbox 638 1744 702 1783; x_wconf 90' lang='lat' dir='ltr'>se</span> <span class='ocrx_word' id='word_1_116' title='bbox 749 1733 953 1803; x_wconf 90' lang='lat' dir='ltr'>posset</span> <span class='ocrx_word' id='word_1_117' title='bbox 1007 1725 1241 1803; x_wconf 81' lang='lat' dir='ltr'>aliquis,</span> <span class='ocrx_word' id='word_1_118' title='bbox 1290 1727 1567 1784; x_wconf 83' lang='lat' dir='ltr'>crederes</span> <span class='ocrx_word' id='word_1_119' title='bbox 1625 1727 1894 1804; x_wconf 90' lang='lat' dir='ltr'>periculo</span> <span class='ocrx_word' id='word_1_120' title='bbox 1943 1734 2110 1786; x_wconf 88' lang='lat' dir='ltr'>certe</span> 
     </span>
     <span class='ocr_line' id='line_1_18' title="bbox 305 1826 2111 1903; baseline 0.001 -21"><span class='ocrx_word' id='word_1_121' title='bbox 305 1844 517 1883; x_wconf 88' lang='lat' dir='ltr'>vacare</span> <span class='ocrx_word' id='word_1_122' title='bbox 548 1826 756 1883; x_wconf 89' lang='lat' dir='ltr'>fanum</span> <span class='ocrx_word' id='word_1_123' title='bbox 786 1826 937 1884; x_wconf 92' lang='lat' dir='ltr'>illud</span> <span class='ocrx_word' id='word_1_124' title='bbox 970 1827 1222 1884; x_wconf 90' lang='lat' dir='ltr'>interius</span> <span class='ocrx_word' id='word_1_125' title='bbox 1253 1834 1317 1884; x_wconf 93' lang='lat' dir='ltr'>et</span> <span class='ocrx_word' id='word_1_126' title='bbox 1349 1827 1654 1895; x_wconf 76' lang='lat' dir='ltr'>secretiUS,</span> <span class='ocrx_word' id='word_1_127' title='bbox 1678 1826 2111 1903; x_wconf 86' lang='lat' dir='ltr'>hominemque</span> 
     </span>
     <span class='ocr_line' id='line_1_19' title="bbox 303 1924 2111 2002; baseline 0 -20"><span class='ocrx_word' id='word_1_128' title='bbox 303 1924 599 1982; x_wconf 90' lang='lat' dir='ltr'>latentem</span> <span class='ocrx_word' id='word_1_129' title='bbox 645 1925 707 1982; x_wconf 93' lang='lat' dir='ltr'>in</span> <span class='ocrx_word' id='word_1_130' title='bbox 752 1925 881 2002; x_wconf 88' lang='lat' dir='ltr'>ipsa</span> <span class='ocrx_word' id='word_1_131' title='bbox 925 1944 1047 1982; x_wconf 92' lang='lat' dir='ltr'>non</span> <span class='ocrx_word' id='word_1_132' title='bbox 1086 1925 1222 1982; x_wconf 90' lang='lat' dir='ltr'>dico</span> <span class='ocrx_word' id='word_1_133' title='bbox 1265 1925 1464 1983; x_wconf 90' lang='lat' dir='ltr'>tutela</span> <span class='ocrx_word' id='word_1_134' title='bbox 1500 1946 1711 1984; x_wconf 89' lang='lat' dir='ltr'>verum</span> <span class='ocrx_word' id='word_1_135' title='bbox 1757 1927 1942 1984; x_wconf 88' lang='lat' dir='ltr'>etiam</span> <span class='ocrx_word' id='word_1_136' title='bbox 1984 1945 2111 1986; x_wconf 89' lang='lat' dir='ltr'>am-</span> 
     </span>
     <span class='ocr_line' id='line_1_20' title="bbox 304 2024 2106 2102; baseline 0.001 -20"><span class='ocrx_word' id='word_1_137' title='bbox 304 2024 492 2102; x_wconf 84' lang='lat' dir='ltr'>plexu</span> <span class='ocrx_word' id='word_1_138' title='bbox 538 2025 704 2084; x_wconf 84' lang='lat' dir='ltr'>Deae.</span> <span class='ocrx_word' id='word_1_139' title='bbox 793 2024 1030 2084; x_wconf 91' lang='lat' dir='ltr'>Verum</span> <span class='ocrx_word' id='word_1_140' title='bbox 1085 2033 1147 2082; x_wconf 92' lang='lat' dir='ltr'>et</span> <span class='ocrx_word' id='word_1_141' title='bbox 1195 2025 1279 2082; x_wconf 90' lang='lat' dir='ltr'>ibi</span> <span class='ocrx_word' id='word_1_142' title='bbox 1333 2026 1588 2084; x_wconf 90' lang='lat' dir='ltr'>minimo</span> <span class='ocrx_word' id='word_1_143' title='bbox 1635 2025 1956 2085; x_wconf 88' lang='lat' dir='ltr'>intervallo</span> <span class='ocrx_word' id='word_1_144' title='bbox 2003 2026 2106 2084; x_wconf 88' lang='lat' dir='ltr'>ob-</span> 
     </span>
     <span class='ocr_line' id='line_1_21' title="bbox 305 2121 1621 2201; baseline 0 -18"><span class='ocrx_word' id='word_1_145' title='bbox 305 2144 528 2190; x_wconf 83' lang='lat' dir='ltr'>sessam</span> <span class='ocrx_word' id='word_1_146' title='bbox 560 2131 774 2190; x_wconf 83' lang='lat' dir='ltr'>tenent</span> <span class='ocrx_word' id='word_1_147' title='bbox 806 2125 975 2201; x_wconf 83' lang='lat' dir='ltr'>quasi</span> <span class='ocrx_word' id='word_1_148' title='bbox 1006 2124 1344 2188; x_wconf 83' lang='lat' dir='ltr'>venatrices</span> <span class='ocrx_word' id='word_1_149' title='bbox 1375 2121 1621 2187; x_wconf 78' lang='lat' dir='ltr'>feramd.</span> 
     </span>
    </p>

    <p class='ocr_par' dir='ltr' id='par_1_6' title="bbox 666 2248 1628 2460">
     <span class='ocr_line' id='line_1_22' title="bbox 667 2248 1628 2316; baseline 0.001 -22"><span class='ocrx_word' id='word_1_150' title='bbox 667 2248 767 2295; x_wconf 82' lang='grc' dir='ltr'>εἷεν·</span> <span class='ocrx_word' id='word_1_151' title='bbox 800 2249 891 2295; x_wconf 85' lang='grc' dir='ltr'>τόδ’</span> <span class='ocrx_word' id='word_1_152' title='bbox 916 2250 1016 2296; x_wconf 81' lang='grc' dir='ltr'>ἐστὶ</span> <span class='ocrx_word' id='word_1_153' title='bbox 1036 2250 1221 2310; x_wconf 76' lang='grc' dir='ltr'>τάνδρὸς</span> <span class='ocrx_word' id='word_1_154' title='bbox 1243 2250 1430 2310; x_wconf 72' lang='grc' dir='ltr'>ἐκφανὲς</span> <span class='ocrx_word' id='word_1_155' title='bbox 1449 2249 1628 2316; x_wconf 81' lang='grc' dir='ltr'>τέκμαρ.</span> 
     </span>
     <span class='ocr_line' id='line_1_23' title="bbox 668 2324 1617 2385; baseline 0.004 -16"><span class='ocrx_word' id='word_1_156' title='bbox 668 2324 776 2375; x_wconf 82' lang='grc' dir='ltr'>ἕπου</span> <span class='ocrx_word' id='word_1_157' title='bbox 799 2325 845 2370; x_wconf 78' lang='grc' dir='ltr'>δὲ</span> <span class='ocrx_word' id='word_1_158' title='bbox 867 2328 1111 2385; x_wconf 82' lang='grc' dir='ltr'>μηνυτῆρος</span> <span class='ocrx_word' id='word_1_159' title='bbox 1132 2324 1387 2384; x_wconf 82' lang='grc' dir='ltr'>ἀφθέγκτου</span> <span class='ocrx_word' id='word_1_160' title='bbox 1409 2326 1617 2385; x_wconf 74' lang='grc' dir='ltr'>φραδαῖς’</span> 
     </span>
     <span class='ocr_line' id='line_1_24' title="bbox 666 2398 1612 2460; baseline 0.001 -16"><span class='ocrx_word' id='word_1_161' title='bbox 666 2398 1097 2459; x_wconf 76' lang='grc' dir='ltr'>τετραυματισμένον</span> <span class='ocrx_word' id='word_1_162' title='bbox 1116 2400 1203 2460; x_wconf 81' lang='grc' dir='ltr'>γὰρ</span> <span class='ocrx_word' id='word_1_163' title='bbox 1225 2401 1284 2446; x_wconf 81' lang='grc' dir='ltr'>ὡς</span> <span class='ocrx_word' id='word_1_164' title='bbox 1304 2398 1417 2450; x_wconf 80' lang='grc' dir='ltr'>κύων</span> <span class='ocrx_word' id='word_1_165' title='bbox 1437 2402 1612 2460; x_wconf 82' lang='grc' dir='ltr'>νεβρὸν,</span> 
     </span>
    </p>

    <p class='ocr_par' dir='ltr' id='par_1_7' title="bbox 668 2471 1645 2534">
     <span class='ocr_line' id='line_1_25' title="bbox 668 2471 1645 2534; baseline 0.002 -17"><span class='ocrx_word' id='word_1_166' title='bbox 668 2474 780 2532; x_wconf 80' lang='grc' dir='ltr'>πρὸς</span> <span class='ocrx_word' id='word_1_167' title='bbox 801 2471 907 2532; x_wconf 76' lang='grc' dir='ltr'>αἷμα</span> <span class='ocrx_word' id='word_1_168' title='bbox 928 2474 998 2521; x_wconf 83' lang='grc' dir='ltr'>καὶ</span> <span class='ocrx_word' id='word_1_169' title='bbox 1020 2475 1284 2534; x_wconf 84' lang='grc' dir='ltr'>σταλαγμὸν</span> <span class='ocrx_word' id='word_1_170' title='bbox 1305 2474 1645 2533; x_wconf 82' lang='grc' dir='ltr'>ἐκμαστεύομεν.</span> 
     </span>
    </p>

    <p class='ocr_par' dir='ltr' id='par_1_8' title="bbox 668 2546 1751 2682">
     <span class='ocr_line' id='line_1_26' title="bbox 676 2546 1751 2610; baseline 0.005 -18"><span class='ocrx_word' id='word_1_171' title='bbox 676 2583 684 2592; x_wconf 95' lang='grc'><strong><em>.</em></strong></span> <span class='ocrx_word' id='word_1_172' title='bbox 705 2582 714 2592; x_wconf 94' lang='grc'><strong>.</strong></span> <span class='ocrx_word' id='word_1_173' title='bbox 737 2583 746 2592; x_wconf 87' lang='grc'><strong>.</strong></span> <span class='ocrx_word' id='word_1_174' title='bbox 766 2583 775 2593; x_wconf 86' lang='grc'><strong>.</strong></span> <span class='ocrx_word' id='word_1_175' title='bbox 792 2546 856 2592; x_wconf 83' lang='grc' dir='ltr'>ὅδ’</span> <span class='ocrx_word' id='word_1_176' title='bbox 881 2546 984 2592; x_wconf 75' lang='grc' dir='ltr'>αὔτε</span> <span class='ocrx_word' id='word_1_177' title='bbox 1005 2547 1045 2607; x_wconf 83' lang='grc' dir='ltr'>γ’</span> <span class='ocrx_word' id='word_1_178' title='bbox 1069 2549 1146 2593; x_wconf 82' lang='grc' dir='ltr'>οὐκ</span> <span class='ocrx_word' id='word_1_179' title='bbox 1169 2548 1308 2594; x_wconf 79' lang='grc' dir='ltr'>ἅλκαν</span> <span class='ocrx_word' id='word_1_180' title='bbox 1329 2550 1458 2609; x_wconf 74' lang='grc' dir='ltr'>ἔχων,</span> <span class='ocrx_word' id='word_1_181' title='bbox 1480 2551 1582 2610; x_wconf 80' lang='grc' dir='ltr'>περὶ</span> <span class='ocrx_word' id='word_1_182' title='bbox 1601 2549 1751 2608; x_wconf 79' lang='grc' dir='ltr'>βρέτει</span> 
     </span>
     <span class='ocr_line' id='line_1_27' title="bbox 668 2622 1252 2682; baseline 0.005 -17"><span class='ocrx_word' id='word_1_183' title='bbox 668 2622 880 2681; x_wconf 82' lang='grc' dir='ltr'>πλεχθεὶς</span> <span class='ocrx_word' id='word_1_184' title='bbox 901 2622 1003 2669; x_wconf 83' lang='grc' dir='ltr'>θεᾶς·</span> <span class='ocrx_word' id='word_1_185' title='bbox 1023 2622 1252 2682; x_wconf 83' lang='grc' dir='ltr'>ἀμβρότου</span> 
     </span>
    </p>

    <p class='ocr_par' dir='ltr' id='par_1_9' title="bbox 671 2695 1427 2757">
     <span class='ocr_line' id='line_1_28' title="bbox 671 2695 1427 2757; baseline 0.004 -18"><span class='ocrx_word' id='word_1_186' title='bbox 671 2697 877 2746; x_wconf 72' lang='grc' dir='ltr'>ὑπόδικος</span> <span class='ocrx_word' id='word_1_187' title='bbox 898 2695 1019 2742; x_wconf 81' lang='grc' dir='ltr'>θέλει</span> <span class='ocrx_word' id='word_1_188' title='bbox 1039 2696 1247 2757; x_wconf 79' lang='grc' dir='ltr'>γενέσθαι</span> <span class='ocrx_word' id='word_1_189' title='bbox 1267 2703 1427 2757; x_wconf 81' lang='grc' dir='ltr'>χερῶν·</span> 
     </span>
    </p>

    <p class='ocr_par' dir='ltr' id='par_1_10' title="bbox 670 2770 1107 2832">
     <span class='ocr_line' id='line_1_29' title="bbox 670 2770 1107 2832; baseline 0 -15"><span class='ocrx_word' id='word_1_190' title='bbox 670 2772 722 2821; x_wconf 75' lang='grc' dir='ltr'>τὸ</span> <span class='ocrx_word' id='word_1_191' title='bbox 745 2770 781 2815; x_wconf 80' lang='grc' dir='ltr'>δ’</span> <span class='ocrx_word' id='word_1_192' title='bbox 806 2772 856 2816; x_wconf 86' lang='grc' dir='ltr'>οὐ</span> <span class='ocrx_word' id='word_1_193' title='bbox 877 2770 1107 2832; x_wconf 83' lang='grc' dir='ltr'>πάρεστιν.</span> 
     </span>
    </p>

    <p class='ocr_par' dir='ltr' id='par_1_11' title="bbox 308 2885 2111 3262">
     <span class='ocr_line' id='line_1_30' title="bbox 396 2885 2111 2964; baseline 0.004 -23"><span class='ocrx_word' id='word_1_194' title='bbox 396 2885 650 2943; x_wconf 88' lang='lat' dir='ltr'>Putares</span> <span class='ocrx_word' id='word_1_195' title='bbox 693 2885 938 2962; x_wconf 86' lang='lat' dir='ltr'>propius</span> <span class='ocrx_word' id='word_1_196' title='bbox 979 2887 1184 2944; x_wconf 88' lang='lat' dir='ltr'>accedi</span> <span class='ocrx_word' id='word_1_197' title='bbox 1229 2907 1352 2944; x_wconf 92' lang='lat' dir='ltr'>non</span> <span class='ocrx_word' id='word_1_198' title='bbox 1397 2906 1609 2964; x_wconf 83' lang='lat' dir='ltr'>posse3</span> <span class='ocrx_word' id='word_1_199' title='bbox 1658 2888 1763 2946; x_wconf 88' lang='lat' dir='ltr'>sed</span> <span class='ocrx_word' id='word_1_200' title='bbox 1805 2890 1967 2947; x_wconf 89' lang='lat' dir='ltr'>enim</span> <span class='ocrx_word' id='word_1_201' title='bbox 2014 2909 2111 2948; x_wconf 82' lang='lat' dir='ltr'>su-</span> 
     </span>
     <span class='ocr_line' id='line_1_31' title="bbox 309 2984 2111 3063; baseline 0.003 -20"><span class='ocrx_word' id='word_1_202' title='bbox 309 2994 512 3063; x_wconf 89' lang='lat' dir='ltr'>perest</span> <span class='ocrx_word' id='word_1_203' title='bbox 569 2984 767 3043; x_wconf 90' lang='lat' dir='ltr'>adhuc</span> <span class='ocrx_word' id='word_1_204' title='bbox 825 2985 1071 3062; x_wconf 90' lang='lat' dir='ltr'>aliquid,</span> <span class='ocrx_word' id='word_1_205' title='bbox 1122 2987 1285 3062; x_wconf 90' lang='lat' dir='ltr'>quod</span> <span class='ocrx_word' id='word_1_206' title='bbox 1336 2994 1628 3045; x_wconf 88' lang='lat' dir='ltr'>terrorem</span> <span class='ocrx_word' id='word_1_207' title='bbox 1688 3007 1810 3046; x_wconf 89' lang='lat' dir='ltr'>non</span> <span class='ocrx_word' id='word_1_208' title='bbox 1870 2989 2111 3051; x_wconf 86' lang='lat' dir='ltr'>modice</span> 
     </span>
     <span class='ocr_line' id='line_1_32' title="bbox 308 3083 2107 3162; baseline 0.003 -21"><span class='ocrx_word' id='word_1_209' title='bbox 308 3091 547 3162; x_wconf 81' lang='lat' dir='ltr'>augeat.</span> <span class='ocrx_word' id='word_1_210' title='bbox 639 3083 786 3141; x_wconf 93' lang='lat' dir='ltr'>Non</span> <span class='ocrx_word' id='word_1_211' title='bbox 817 3084 981 3147; x_wconf 87' lang='lat' dir='ltr'>enim</span> <span class='ocrx_word' id='word_1_212' title='bbox 1014 3085 1170 3148; x_wconf 87' lang='lat' dir='ltr'>diras</span> <span class='ocrx_word' id='word_1_213' title='bbox 1213 3086 1396 3147; x_wconf 85' lang='lat' dir='ltr'>modo</span> <span class='ocrx_word' id='word_1_214' title='bbox 1433 3086 1811 3144; x_wconf 89' lang='lat' dir='ltr'>circumdant</span> <span class='ocrx_word' id='word_1_215' title='bbox 1842 3085 2107 3157; x_wconf 83' lang='lat' dir='ltr'>choreaS,</span> 
     </span>
     <span class='ocr_line' id='line_1_33' title="bbox 309 3184 2035 3262; baseline 0.001 -18"><span class='ocrx_word' id='word_1_216' title='bbox 309 3203 520 3245; x_wconf 84' lang='lat' dir='ltr'>verum</span> <span class='ocrx_word' id='word_1_217' title='bbox 552 3184 737 3241; x_wconf 87' lang='lat' dir='ltr'>etiam</span> <span class='ocrx_word' id='word_1_218' title='bbox 767 3184 1003 3261; x_wconf 86' lang='lat' dir='ltr'>magico</span> <span class='ocrx_word' id='word_1_219' title='bbox 1036 3186 1318 3253; x_wconf 90' lang='lat' dir='ltr'>carmine,</span> <span class='ocrx_word' id='word_1_220' title='bbox 1350 3192 1654 3262; x_wconf 88' lang='lat' dir='ltr'>cantuque</span> <span class='ocrx_word' id='word_1_221' title='bbox 1685 3186 2035 3247; x_wconf 64' lang='lat' dir='ltr'>fascinante:</span> 
     </span>
    </p>

    <p class='ocr_par' dir='ltr' id='par_1_12' title="bbox 673 3298 1800 3436">
     <span class='ocr_line' id='line_1_34' title="bbox 677 3298 1141 3361; baseline 0.002 -18"><span class='ocrx_word' id='word_1_222' title='bbox 677 3299 748 3344; x_wconf 78' lang='grc' dir='ltr'>ἐπὶ</span> <span class='ocrx_word' id='word_1_223' title='bbox 770 3299 818 3344; x_wconf 80' lang='grc' dir='ltr'>δὲ</span> <span class='ocrx_word' id='word_1_224' title='bbox 840 3302 900 3360; x_wconf 81' lang='grc' dir='ltr'>τῷ</span> <span class='ocrx_word' id='word_1_225' title='bbox 923 3298 1141 3361; x_wconf 81' lang='grc' dir='ltr'>τεθυμένῳ</span> 
     </span>
     <span class='ocr_line' id='line_1_35' title="bbox 673 3373 1800 3436; baseline 0.003 -17"><span class='ocrx_word' id='word_1_226' title='bbox 673 3375 773 3419; x_wconf 85' lang='grc' dir='ltr'>τόδε</span> <span class='ocrx_word' id='word_1_227' title='bbox 794 3373 943 3433; x_wconf 81' lang='grc' dir='ltr'>με’λος,</span> <span class='ocrx_word' id='word_1_228' title='bbox 965 3375 1213 3436; x_wconf 87' lang='grc' dir='ltr'>παρακοπὰ,</span> <span class='ocrx_word' id='word_1_229' title='bbox 1236 3375 1494 3435; x_wconf 87' lang='grc' dir='ltr'>παραφορὰ,</span> <span class='ocrx_word' id='word_1_230' title='bbox 1517 3376 1800 3435; x_wconf 84' lang='grc' dir='ltr'>φρενοδαλὶς,</span> 
     </span>
    </p>
   </div>
   <div class='ocr_carea' id='block_1_3' title="bbox 551 3547 1804 3609">
    <p class='ocr_par' dir='ltr' id='par_1_13' title="bbox 551 3547 1804 3609">
     <span class='ocr_line' id='line_1_36' title="bbox 551 3547 1804 3609; baseline -0.001 -16"><span class='ocrx_word' id='word_1_231' title='bbox 551 3548 567 3577; x_wconf 76' lang='lat'>‘¹</span> <span class='ocrx_word' id='word_1_232' title='bbox 600 3550 730 3593; x_wconf 75' lang='lat' dir='ltr'>Eum,</span> <span class='ocrx_word' id='word_1_233' title='bbox 757 3563 858 3609; x_wconf 82' lang='lat'>244.</span> <span class='ocrx_word' id='word_1_234' title='bbox 1516 3555 1530 3573; x_wconf 72' lang='lat'><em>²</em></span> <span class='ocrx_word' id='word_1_235' title='bbox 1562 3547 1676 3593; x_wconf 81' lang='lat' dir='ltr'>Ibid.</span> <span class='ocrx_word' id='word_1_236' title='bbox 1702 3562 1804 3606; x_wconf 86' lang='lat'>329.</span> 
     </span>
    </p>
   </div>
  </div>
 </body>
</html>
