2288 4036
375 186 484 238 444
784 184 850 236 Io
875 199 1104 254 quanam
1129 180 1329 233 ratione
1355 180 1625 234 insaniat:
1841 198 2001 230 PRAEL.
2020 198 2172 231 xxm.

462 331 667 392 Venio
720 350 882 388 nunc
941 329 1016 387 ad
1077 346 1390 404 poenarum
1450 346 1657 405 genus,
1707 345 1856 403 quas
1907 324 2176 403 duplices

374 429 584 489 luebat
634 428 848 487 infelix
896 426 1233 485 temerariae
1286 426 1430 502 spei.
1521 425 1744 493 Prim0,
1804 431 1984 483 aestro
2045 443 2178 501 per-

374 529 498 587 cita
530 527 880 604 jactabatur
909 525 1068 583 circa
1108 524 1297 581 maria
1338 524 1541 582 omnia
1581 543 1650 582 ac
1685 523 1977 601 regiones,
2008 521 2177 580 nullo

375 627 590 684 furoris
622 626 836 703 spatio,
864 622 1033 681 nulla
1061 622 1285 698 requie.
1377 622 1475 680 Ex
1506 642 1625 699 quo
1653 622 1856 680 nescio
1887 641 1965 679 an
1995 622 2178 680 docu-

374 731 655 782 mentum
698 742 809 780 nos
857 740 1072 798 capere
1119 720 1381 779 voluerit
1429 720 1644 789 Poeta,
1681 727 1908 796 quanta
1954 721 2012 777 vi
2057 728 2181 778 ter-

375 841 599 893 rorum,
640 821 1012 898 cupidinum,
1054 818 1487 897 aegritudinum
1530 818 1745 896 agitari
1794 817 2028 877 soleant
2072 817 2178 887 illi,

376 921 480 998 qui
527 917 716 978 semel
761 917 922 976 ultra
951 917 1112 994 quod
1153 916 1242 975 fas
1287 923 1381 975 est
1425 917 1639 975 animis
1678 918 1953 994 votisque
1984 936 2180 994 coepe-

375 1018 499 1075 rint
530 1015 747 1075 efferri.
841 1015 964 1086 Qui
1009 1035 1174 1073 error
1218 1014 1560 1074 simillimus
1605 1022 1698 1074 est
1737 1035 1892 1073 verae
1935 1016 2182 1073 demen-

375 1115 501 1183 tiae,
546 1120 682 1172 tum
726 1113 970 1191 alioqui,
1015 1119 1150 1172 tum
1196 1132 1275 1171 ex
1327 1112 1443 1171 hac
1488 1132 1727 1190 quoque
1780 1119 1967 1189 parte,
2022 1113 2182 1188 quod

374 1211 540 1272 haud
595 1212 852 1271 obscure
910 1214 1313 1291 praesentiunt
1372 1213 1668 1283 homines,
1719 1231 1837 1288 quo
1897 1212 2180 1281 ferantur,

378 1313 600 1390 quidve
646 1331 711 1371 se
755 1312 901 1381 fiat;
955 1312 1081 1373 fato
1135 1312 1414 1389 quodam,
1464 1310 1557 1369 sui
1610 1310 1978 1387 impotentes
2030 1311 2185 1387 rapi-

376 1418 581 1470 untur.
672 1410 814 1469 Hoc
854 1410 1008 1469 illud
1049 1419 1159 1481 est,
1192 1411 1352 1487 quod
1398 1429 1520 1467 non
1565 1408 1684 1478 alii,
1714 1409 1819 1467 sed
1860 1410 2183 1467 insanienti

377 1511 491 1588 ipsi
522 1509 745 1588 puellae
776 1509 1129 1568 tribuuntur
1160 1510 1294 1578 ista,
1326 1507 1745 1567 ardentissima
1775 1526 1934 1577 sane,
1967 1508 2184 1585 quibus

379 1609 610 1668 insania
640 1607 1061 1667 describit-me:

742 1750 829 1795 ὑπό
849 1750 893 1808 μ’
915 1748 971 1794 αὗ
992 1750 1225 1809 σφάκελος
1246 1749 1316 1793 καὶ
1337 1749 1667 1807 φρενοπληγεῖς

743 1824 892 1882 μανίαι
915 1822 1153 1877 θάλπουσ’,
1176 1821 1360 1881 οἴστρου
1382 1821 1419 1867 δ’
1443 1822 1567 1881 ἄρδις

743 1896 861 1956 χρίει
881 1895 925 1954 μ’
952 1896 1131 1955 ἄπυρος·

746 1970 902 2029 κράδια
923 1970 971 2014 δὲ
993 1971 1128 2031 φόβῳ
1150 1968 1295 2027 φρένα
1314 1968 1524 2024 λακτίζει·

744 2044 1066 2103 τροχοδινεῖται
1087 2041 1124 2087 δ’
1148 2042 1305 2101 ὄμμαθ’
1329 2043 1523 2102 ἑλίγδην·

747 2118 833 2174 ἔξω
856 2117 904 2162 δὲ
927 2117 1092 2176 δρόμου
1113 2116 1327 2175 φέρομαι,
1345 2115 1524 2173 λύσσης

744 2190 957 2249 πνεύματι
978 2191 1148 2251 μάργῳ,
1169 2192 1388 2249 γλώσσης
1408 2189 1609 2250 ἀκρατής·

748 2265 928 2323 θόλεροι
950 2265 998 2309 δὲ
1018 2266 1148 2324 λόγοι
1169 2264 1347 2310 παίουσ’
1373 2264 1464 2322 εἷκῆ

748 2341 941 2399 στυγνῆς
960 2339 1072 2398 πρὸς
1093 2337 1281 2396 κύμασιν
1301 2338 1419 2395 ἄτης.

387 2465 471 2524 Et
500 2465 634 2542 quis
664 2483 783 2522 non
817 2465 1150 2523 admiratus
1181 2471 1275 2523 est
1305 2483 1483 2522 voces
1514 2484 1584 2523 ac
1615 2465 1800 2523 verba
1835 2466 2186 2533 amentium,

385 2564 689 2640 quomodo
721 2582 793 2621 ea
821 2583 943 2620 non
975 2569 1141 2622 certa
1170 2562 1324 2641 lege,
1358 2563 1478 2621 suis
1525 2571 1732 2621 tamen
1764 2565 2191 2622 contineantur

378 2662 700 2731 limitibus,
731 2681 931 2739 neque
960 2661 1087 2721 ullo
1118 2669 1395 2739 tempore
1437 2662 1676 2741 longius
1717 2661 1939 2721 abeant
1969 2663 2046 2721 ab
2077 2665 2192 2721 ori-

385 2763 527 2840 gine
575 2760 738 2830 mali,
779 2780 1155 2838 quaecunque
1199 2762 1446 2819 tandem
1490 2781 1561 2819 ea
1599 2761 1825 2820 fuerit?
1901 2761 2039 2831 Quo
2079 2761 2192 2819 mi-

387 2858 699 2917 serabilior
749 2879 818 2917 ac
869 2859 1085 2917 tetrior
1134 2878 1264 2918 esse
1313 2860 1591 2918 videatur
1634 2879 1760 2918 sors
1805 2879 2031 2929 eorum,
2069 2860 2188 2936 qui,

388 2957 558 3014 velut
578 2956 669 3024 Io,
693 2957 793 3015 hic
823 2957 965 3025 illic,
987 2978 1023 3015 a
1052 2958 1309 3016 turbidis
1340 2959 1498 3017 curis
1528 2966 1593 3017 et
1622 2959 1962 3036 angoribUS,
1986 2977 2191 3017 amen-

388 3055 546 3112 tium
576 3054 702 3112 fere
732 3055 931 3123 modo,
965 3055 1257 3113 feruntur.

485 3152 708 3229 Neque
764 3172 907 3211 vero
966 3173 1090 3210 non
1148 3153 1449 3211 horrendo
1508 3154 1773 3212 carmine
1833 3153 2192 3231 deprecatur

390 3250 741 3318 calamitosa
779 3253 948 3328 virgo
998 3249 1226 3309 εἴδωλον
1270 3250 1421 3308 illud
1458 3250 1687 3331 Ἀργοῦ
1731 3257 2015 3329 γηγενοῦς,
2059 3273 2190 3330 quae

1132 3485 1148 3504 ⁶
1174 3479 1322 3523 Prom.
1348 3479 1450 3537 877.
