<?xml version="1.0" encoding="UTF-8"?>
<!DOCTYPE html PUBLIC "-//W3C//DTD XHTML 1.0 Transitional//EN"
    "http://www.w3.org/TR/xhtml1/DTD/xhtml1-transitional.dtd">
<html xmlns="http://www.w3.org/1999/xhtml" xml:lang="en" lang="en">
 <head>
  <title>
</title>
<meta http-equiv="Content-Type" content="text/html;charset=utf-8" />
  <meta name='ocr-system' content='tesseract 3.04.00' />
  <meta name='ocr-capabilities' content='ocr_page ocr_carea ocr_par ocr_line ocrx_word'/>
</head>
<body>
  <div class='ocr_page' id='page_1' title='image "./a588873902kebluoft_0402.png"; bbox 0 0 2288 4036; ppageno 0'>
   <div class='ocr_carea' id='block_1_1' title="bbox 283 177 2085 250">
    <p class='ocr_par' dir='ltr' id='par_1_1' title="bbox 283 177 2085 250">
     <span class='ocr_line' id='line_1_1' title="bbox 283 177 2085 250; baseline 0.003 -18"><span class='ocrx_word' id='word_1_1' title='bbox 283 178 391 232; x_wconf 80' lang='lat'>780</span> <span class='ocrx_word' id='word_1_2' title='bbox 541 177 732 230; x_wconf 77' lang='lat' dir='ltr'><em>Adesse</em></span> <span class='ocrx_word' id='word_1_3' title='bbox 757 179 949 242; x_wconf 77' lang='lat' dir='ltr'>Deum,</span> <span class='ocrx_word' id='word_1_4' title='bbox 979 178 1391 250; x_wconf 71' lang='lat' dir='ltr'>Viryilianorum</span> <span class='ocrx_word' id='word_1_5' title='bbox 1416 199 1631 235; x_wconf 75' lang='lat' dir='ltr'>summa.</span> <span class='ocrx_word' id='word_1_6' title='bbox 1675 202 2085 238; x_wconf 80' lang='lat' dir='ltr'>PRAEL.XXXV111.</span> 
     </span>
    </p>
   </div>
   <div class='ocr_carea' id='block_1_2' title="bbox 279 323 2086 2583">
    <p class='ocr_par' dir='ltr' id='par_1_2' title="bbox 279 323 2086 1392">
     <span class='ocr_line' id='line_1_2' title="bbox 282 323 2082 406; baseline 0.004 -26"><span class='ocrx_word' id='word_1_7' title='bbox 282 323 438 381; x_wconf 86' lang='lat' dir='ltr'>forte</span> <span class='ocrx_word' id='word_1_8' title='bbox 469 325 773 403; x_wconf 71' lang='lat' dir='ltr'>repetenti</span> <span class='ocrx_word' id='word_1_9' title='bbox 806 325 1020 383; x_wconf 87' lang='lat' dir='ltr'>subeat</span> <span class='ocrx_word' id='word_1_10' title='bbox 1052 326 1238 383; x_wconf 88' lang='lat' dir='ltr'>etiam</span> <span class='ocrx_word' id='word_1_11' title='bbox 1272 323 1573 406; x_wconf 80' lang='grc' dir='ltr'>Προνοίας,</span> <span class='ocrx_word' id='word_1_12' title='bbox 1600 348 1780 405; x_wconf 88' lang='lat' dir='ltr'>quam</span> <span class='ocrx_word' id='word_1_13' title='bbox 1806 330 2082 400; x_wconf 87' lang='lat' dir='ltr'>oderunt,</span> 
     </span>
     <span class='ocr_line' id='line_1_3' title="bbox 282 423 2083 504; baseline 0.004 -25"><span class='ocrx_word' id='word_1_14' title='bbox 282 423 505 501; x_wconf 79' lang='lat' dir='ltr'>image.</span> <span class='ocrx_word' id='word_1_15' title='bbox 598 423 893 493; x_wconf 78' lang='lat' dir='ltr'>Quaerunt</span> <span class='ocrx_word' id='word_1_16' title='bbox 946 423 1059 482; x_wconf 90' lang='lat' dir='ltr'>sibi</span> <span class='ocrx_word' id='word_1_17' title='bbox 1113 425 1315 483; x_wconf 90' lang='lat' dir='ltr'>miseri</span> <span class='ocrx_word' id='word_1_18' title='bbox 1369 445 1555 484; x_wconf 89' lang='lat' dir='ltr'>novas</span> <span class='ocrx_word' id='word_1_19' title='bbox 1601 445 1839 504; x_wconf 82' lang='lat' dir='ltr'>semper</span> <span class='ocrx_word' id='word_1_20' title='bbox 1882 448 2083 487; x_wconf 89' lang='lat' dir='ltr'>rerum</span> 
     </span>
     <span class='ocr_line' id='line_1_4' title="bbox 283 521 2085 604; baseline 0.005 -27"><span class='ocrx_word' id='word_1_21' title='bbox 283 521 546 580; x_wconf 84' lang='lat' dir='ltr'>latebras</span> <span class='ocrx_word' id='word_1_22' title='bbox 587 530 650 580; x_wconf 90' lang='lat' dir='ltr'>et</span> <span class='ocrx_word' id='word_1_23' title='bbox 693 523 994 600; x_wconf 83' lang='lat' dir='ltr'>ambages,</span> <span class='ocrx_word' id='word_1_24' title='bbox 1027 541 1104 580; x_wconf 89' lang='lat' dir='ltr'>ne</span> <span class='ocrx_word' id='word_1_25' title='bbox 1145 524 1209 580; x_wconf 91' lang='lat' dir='ltr'>in</span> <span class='ocrx_word' id='word_1_26' title='bbox 1254 525 1496 582; x_wconf 89' lang='lat' dir='ltr'>unicam</span> <span class='ocrx_word' id='word_1_27' title='bbox 1537 524 1717 583; x_wconf 88' lang='lat' dir='ltr'>Illam</span> <span class='ocrx_word' id='word_1_28' title='bbox 1762 528 2085 604; x_wconf 89' lang='lat' dir='ltr'>respiciant</span> 
     </span>
     <span class='ocr_line' id='line_1_5' title="bbox 283 621 2084 703; baseline 0.004 -25"><span class='ocrx_word' id='word_1_29' title='bbox 283 621 543 679; x_wconf 88' lang='lat' dir='ltr'>Causam</span> <span class='ocrx_word' id='word_1_30' title='bbox 591 627 776 698; x_wconf 87' lang='lat' dir='ltr'>atque</span> <span class='ocrx_word' id='word_1_31' title='bbox 828 621 1060 700; x_wconf 85' lang='lat' dir='ltr'>Legem</span> <span class='ocrx_word' id='word_1_32' title='bbox 1108 623 1398 679; x_wconf 91' lang='lat' dir='ltr'>omnium.</span> <span class='ocrx_word' id='word_1_33' title='bbox 1488 623 1722 682; x_wconf 87' lang='lat' dir='ltr'>Juvant</span> <span class='ocrx_word' id='word_1_34' title='bbox 1767 626 1973 703; x_wconf 91' lang='lat' dir='ltr'>itaque</span> <span class='ocrx_word' id='word_1_35' title='bbox 2022 635 2084 685; x_wconf 91' lang='lat' dir='ltr'>et</span> 
     </span>
     <span class='ocr_line' id='line_1_6' title="bbox 282 720 2086 800; baseline 0.004 -24"><span class='ocrx_word' id='word_1_36' title='bbox 282 720 378 777; x_wconf 91' lang='lat' dir='ltr'>isti</span> <span class='ocrx_word' id='word_1_37' title='bbox 413 720 734 778; x_wconf 87' lang='lat' dir='ltr'>veritatem</span> <span class='ocrx_word' id='word_1_38' title='bbox 767 722 1117 779; x_wconf 90' lang='lat' dir='ltr'>testimonio</span> <span class='ocrx_word' id='word_1_39' title='bbox 1160 721 1369 791; x_wconf 87' lang='lat' dir='ltr'>invit0,</span> <span class='ocrx_word' id='word_1_40' title='bbox 1413 722 1721 800; x_wconf 90' lang='lat' dir='ltr'>cultuque,</span> <span class='ocrx_word' id='word_1_41' title='bbox 1769 744 1949 800; x_wconf 90' lang='lat' dir='ltr'>quem</span> <span class='ocrx_word' id='word_1_42' title='bbox 1981 727 2086 783; x_wconf 89' lang='lat' dir='ltr'>tri-</span> 
     </span>
     <span class='ocr_line' id='line_1_7' title="bbox 280 819 2086 898; baseline 0.003 -22"><span class='ocrx_word' id='word_1_43' title='bbox 280 819 479 876; x_wconf 89' lang='lat' dir='ltr'>buunt</span> <span class='ocrx_word' id='word_1_44' title='bbox 524 819 882 879; x_wconf 78' lang='lat' dir='ltr'>inscientes:</span> <span class='ocrx_word' id='word_1_45' title='bbox 930 839 1141 879; x_wconf 88' lang='lat' dir='ltr'>verum</span> <span class='ocrx_word' id='word_1_46' title='bbox 1189 822 1350 898; x_wconf 90' lang='lat' dir='ltr'>quod</span> <span class='ocrx_word' id='word_1_47' title='bbox 1395 821 1470 879; x_wconf 90' lang='lat' dir='ltr'>ad</span> <span class='ocrx_word' id='word_1_48' title='bbox 1512 821 1671 898; x_wconf 87' lang='lat' dir='ltr'>ipsos</span> <span class='ocrx_word' id='word_1_49' title='bbox 1713 823 1951 892; x_wconf 84' lang='lat' dir='ltr'>attinet,</span> <span class='ocrx_word' id='word_1_50' title='bbox 1985 824 2086 881; x_wconf 85' lang='lat' dir='ltr'>fri-</span> 
     </span>
     <span class='ocr_line' id='line_1_8' title="bbox 279 918 2082 998; baseline 0.004 -24"><span class='ocrx_word' id='word_1_51' title='bbox 279 918 436 995; x_wconf 92' lang='lat' dir='ltr'>gidis</span> <span class='ocrx_word' id='word_1_52' title='bbox 466 918 740 995; x_wconf 84' lang='lat' dir='ltr'>profecto</span> <span class='ocrx_word' id='word_1_53' title='bbox 760 925 824 977; x_wconf 88' lang='lat' dir='ltr'>et</span> <span class='ocrx_word' id='word_1_54' title='bbox 848 920 1165 978; x_wconf 86' lang='lat' dir='ltr'>inamoenis</span> <span class='ocrx_word' id='word_1_55' title='bbox 1190 938 1387 978; x_wconf 88' lang='lat' dir='ltr'>errare</span> <span class='ocrx_word' id='word_1_56' title='bbox 1409 920 1692 977; x_wconf 82' lang='lat' dir='ltr'>videntur</span> <span class='ocrx_word' id='word_1_57' title='bbox 1722 921 2082 998; x_wconf 79' lang='lat' dir='ltr'>regionibUS,</span> 
     </span>
     <span class='ocr_line' id='line_1_9' title="bbox 282 1017 2083 1096; baseline 0.003 -22"><span class='ocrx_word' id='word_1_58' title='bbox 282 1017 451 1075; x_wconf 90' lang='lat' dir='ltr'>velut</span> <span class='ocrx_word' id='word_1_59' title='bbox 483 1019 585 1095; x_wconf 90' lang='lat' dir='ltr'>qui</span> <span class='ocrx_word' id='word_1_60' title='bbox 617 1038 731 1077; x_wconf 91' lang='lat' dir='ltr'>nec</span> <span class='ocrx_word' id='word_1_61' title='bbox 762 1019 1019 1096; x_wconf 90' lang='lat' dir='ltr'>patriam</span> <span class='ocrx_word' id='word_1_62' title='bbox 1050 1039 1248 1096; x_wconf 91' lang='lat' dir='ltr'>neque</span> <span class='ocrx_word' id='word_1_63' title='bbox 1274 1025 1471 1078; x_wconf 84' lang='lat' dir='ltr'>certos</span> <span class='ocrx_word' id='word_1_64' title='bbox 1503 1021 1783 1078; x_wconf 89' lang='lat' dir='ltr'>noverint</span> <span class='ocrx_word' id='word_1_65' title='bbox 1807 1021 2083 1091; x_wconf 80' lang='lat' dir='ltr'>PenateS,</span> 
     </span>
     <span class='ocr_line' id='line_1_10' title="bbox 282 1118 2086 1195; baseline 0.003 -22"><span class='ocrx_word' id='word_1_66' title='bbox 282 1136 524 1193; x_wconf 90' lang='lat' dir='ltr'>unoque</span> <span class='ocrx_word' id='word_1_67' title='bbox 556 1123 619 1175; x_wconf 90' lang='lat' dir='ltr'>et</span> <span class='ocrx_word' id='word_1_68' title='bbox 652 1118 869 1176; x_wconf 89' lang='lat' dir='ltr'>eodem</span> <span class='ocrx_word' id='word_1_69' title='bbox 911 1125 1186 1195; x_wconf 89' lang='lat' dir='ltr'>tempore</span> <span class='ocrx_word' id='word_1_70' title='bbox 1223 1137 1466 1177; x_wconf 90' lang='lat' dir='ltr'>omnem</span> <span class='ocrx_word' id='word_1_71' title='bbox 1509 1139 1630 1176; x_wconf 89' lang='lat' dir='ltr'>non</span> <span class='ocrx_word' id='word_1_72' title='bbox 1674 1120 1854 1177; x_wconf 89' lang='lat' dir='ltr'>modo</span> <span class='ocrx_word' id='word_1_73' title='bbox 1887 1121 2086 1179; x_wconf 85' lang='lat' dir='ltr'>caeles-</span> 
     </span>
     <span class='ocr_line' id='line_1_11' title="bbox 279 1215 2085 1285; baseline 0.002 -13"><span class='ocrx_word' id='word_1_74' title='bbox 279 1216 436 1273; x_wconf 89' lang='lat' dir='ltr'>tium</span> <span class='ocrx_word' id='word_1_75' title='bbox 478 1234 679 1272; x_wconf 90' lang='lat' dir='ltr'>rerum</span> <span class='ocrx_word' id='word_1_76' title='bbox 723 1235 947 1285; x_wconf 89' lang='lat' dir='ltr'>curam,</span> <span class='ocrx_word' id='word_1_77' title='bbox 981 1235 1191 1273; x_wconf 89' lang='lat' dir='ltr'>verum</span> <span class='ocrx_word' id='word_1_78' title='bbox 1233 1215 1421 1273; x_wconf 88' lang='lat' dir='ltr'>etiam</span> <span class='ocrx_word' id='word_1_79' title='bbox 1470 1220 1847 1273; x_wconf 84' lang='lat' dir='ltr'>terrenarum</span> <span class='ocrx_word' id='word_1_80' title='bbox 1881 1217 2085 1276; x_wconf 91' lang='lat' dir='ltr'>dulce-</span> 
     </span>
     <span class='ocr_line' id='line_1_12' title="bbox 280 1314 1048 1392; baseline 0.004 -22"><span class='ocrx_word' id='word_1_81' title='bbox 280 1314 506 1385; x_wconf 85' lang='lat' dir='ltr'>dinem,</span> <span class='ocrx_word' id='word_1_82' title='bbox 538 1333 573 1372; x_wconf 92' lang='lat' dir='ltr'>a</span> <span class='ocrx_word' id='word_1_83' title='bbox 603 1333 666 1373; x_wconf 92' lang='lat' dir='ltr'>se</span> <span class='ocrx_word' id='word_1_84' title='bbox 698 1314 1048 1392; x_wconf 87' lang='lat' dir='ltr'>abjecerint.</span> 
     </span>
    </p>

    <p class='ocr_par' dir='ltr' id='par_1_3' title="bbox 279 1411 2085 2583">
     <span class='ocr_line' id='line_1_13' title="bbox 365 1411 2085 1491; baseline 0.001 -20"><span class='ocrx_word' id='word_1_85' title='bbox 365 1411 508 1471; x_wconf 87' lang='lat' dir='ltr'>Jam</span> <span class='ocrx_word' id='word_1_86' title='bbox 554 1420 761 1472; x_wconf 91' lang='lat' dir='ltr'>autem</span> <span class='ocrx_word' id='word_1_87' title='bbox 807 1415 1036 1491; x_wconf 89' lang='lat' dir='ltr'>pendet</span> <span class='ocrx_word' id='word_1_88' title='bbox 1082 1413 1209 1472; x_wconf 86' lang='lat' dir='ltr'>haec</span> <span class='ocrx_word' id='word_1_89' title='bbox 1252 1413 1447 1471; x_wconf 88' lang='lat' dir='ltr'>omnis</span> <span class='ocrx_word' id='word_1_90' title='bbox 1493 1414 1685 1471; x_wconf 87' lang='lat' dir='ltr'>oratio</span> <span class='ocrx_word' id='word_1_91' title='bbox 1717 1414 1794 1471; x_wconf 88' lang='lat' dir='ltr'>ab</span> <span class='ocrx_word' id='word_1_92' title='bbox 1825 1433 1945 1472; x_wconf 92' lang='lat' dir='ltr'>una</span> <span class='ocrx_word' id='word_1_93' title='bbox 1979 1413 2085 1473; x_wconf 88' lang='lat' dir='ltr'>illa</span> 
     </span>
     <span class='ocr_line' id='line_1_14' title="bbox 281 1510 2083 1589; baseline 0.001 -19"><span class='ocrx_word' id='word_1_94' title='bbox 281 1510 638 1589; x_wconf 78' lang='lat' dir='ltr'>Virgilianae</span> <span class='ocrx_word' id='word_1_95' title='bbox 670 1512 934 1571; x_wconf 89' lang='lat' dir='ltr'>Poeseos</span> <span class='ocrx_word' id='word_1_96' title='bbox 964 1519 1127 1581; x_wconf 88' lang='lat' dir='ltr'>not-a,</span> <span class='ocrx_word' id='word_1_97' title='bbox 1153 1512 1315 1589; x_wconf 88' lang='lat' dir='ltr'>quod</span> <span class='ocrx_word' id='word_1_98' title='bbox 1339 1531 1474 1571; x_wconf 88' lang='lat' dir='ltr'>eam</span> <span class='ocrx_word' id='word_1_99' title='bbox 1506 1512 1826 1581; x_wconf 77' lang='lat' dir='ltr'>credimUS,</span> <span class='ocrx_word' id='word_1_100' title='bbox 1850 1523 1920 1570; x_wconf 88' lang='lat' dir='ltr'>ut</span> <span class='ocrx_word' id='word_1_101' title='bbox 1951 1533 2083 1589; x_wconf 85' lang='lat' dir='ltr'>quae</span> 
     </span>
     <span class='ocr_line' id='line_1_15' title="bbox 280 1610 2085 1680; baseline 0.001 -13"><span class='ocrx_word' id='word_1_102' title='bbox 280 1611 563 1680; x_wconf 85' lang='lat' dir='ltr'>maxime,</span> <span class='ocrx_word' id='word_1_103' title='bbox 597 1611 793 1669; x_wconf 87' lang='lat' dir='ltr'>colere</span> <span class='ocrx_word' id='word_1_104' title='bbox 835 1611 1015 1680; x_wconf 89' lang='lat' dir='ltr'>ultro,</span> <span class='ocrx_word' id='word_1_105' title='bbox 1054 1618 1117 1669; x_wconf 90' lang='lat' dir='ltr'>et</span> <span class='ocrx_word' id='word_1_106' title='bbox 1158 1631 1237 1669; x_wconf 86' lang='lat' dir='ltr'>ex</span> <span class='ocrx_word' id='word_1_107' title='bbox 1282 1612 1485 1669; x_wconf 89' lang='lat' dir='ltr'>animo</span> <span class='ocrx_word' id='word_1_108' title='bbox 1531 1611 1795 1680; x_wconf 88' lang='lat' dir='ltr'>adorare,</span> <span class='ocrx_word' id='word_1_109' title='bbox 1833 1610 2085 1670; x_wconf 89' lang='lat' dir='ltr'>Numen</span> 
     </span>
     <span class='ocr_line' id='line_1_16' title="bbox 282 1708 2085 1790; baseline 0.001 -24"><span class='ocrx_word' id='word_1_110' title='bbox 282 1708 614 1769; x_wconf 90' lang='lat' dir='ltr'>Providens</span> <span class='ocrx_word' id='word_1_111' title='bbox 674 1731 744 1769; x_wconf 90' lang='lat' dir='ltr'>ac</span> <span class='ocrx_word' id='word_1_112' title='bbox 805 1710 1171 1790; x_wconf 88' lang='lat' dir='ltr'>Benignum.</span> <span class='ocrx_word' id='word_1_113' title='bbox 1271 1709 1396 1769; x_wconf 82' lang='lat' dir='ltr'>Sed</span> <span class='ocrx_word' id='word_1_114' title='bbox 1455 1710 1741 1786; x_wconf 90' lang='lat' dir='ltr'>quoniam</span> <span class='ocrx_word' id='word_1_115' title='bbox 1800 1730 1923 1768; x_wconf 91' lang='lat' dir='ltr'>non</span> <span class='ocrx_word' id='word_1_116' title='bbox 1983 1710 2085 1768; x_wconf 92' lang='lat' dir='ltr'>de-</span> 
     </span>
     <span class='ocr_line' id='line_1_17' title="bbox 280 1808 2083 1889; baseline 0.001 -24"><span class='ocrx_word' id='word_1_117' title='bbox 280 1808 544 1877; x_wconf 88' lang='lat' dir='ltr'>fuerunt,</span> <span class='ocrx_word' id='word_1_118' title='bbox 600 1811 703 1886; x_wconf 92' lang='lat' dir='ltr'>qui</span> <span class='ocrx_word' id='word_1_119' title='bbox 759 1809 1091 1889; x_wconf 89' lang='lat' dir='ltr'>Virgilium</span> <span class='ocrx_word' id='word_1_120' title='bbox 1153 1810 1575 1868; x_wconf 87' lang='lat' dir='ltr'>existimarent</span> <span class='ocrx_word' id='word_1_121' title='bbox 1635 1829 1775 1867; x_wconf 90' lang='lat' dir='ltr'>cum</span> <span class='ocrx_word' id='word_1_122' title='bbox 1836 1809 2083 1887; x_wconf 87' lang='lat' dir='ltr'>Epicuri</span> 
     </span>
     <span class='ocr_line' id='line_1_18' title="bbox 281 1909 2083 1987; baseline 0.001 -22"><span class='ocrx_word' id='word_1_123' title='bbox 281 1909 510 1968; x_wconf 86' lang='lat' dir='ltr'>familia</span> <span class='ocrx_word' id='word_1_124' title='bbox 554 1911 846 1969; x_wconf 85' lang='lat' dir='ltr'>sensisse:</span> <span class='ocrx_word' id='word_1_125' title='bbox 896 1911 1182 1987; x_wconf 85' lang='lat' dir='ltr'>quoniam</span> <span class='ocrx_word' id='word_1_126' title='bbox 1228 1910 1415 1969; x_wconf 87' lang='lat' dir='ltr'>etiam</span> <span class='ocrx_word' id='word_1_127' title='bbox 1461 1928 1671 1967; x_wconf 89' lang='lat' dir='ltr'>eorum</span> <span class='ocrx_word' id='word_1_128' title='bbox 1716 1910 1912 1987; x_wconf 90' lang='lat' dir='ltr'>gratia</span> <span class='ocrx_word' id='word_1_129' title='bbox 1948 1909 2083 1967; x_wconf 89' lang='lat' dir='ltr'>reli-</span> 
     </span>
     <span class='ocr_line' id='line_1_19' title="bbox 282 2007 2083 2086; baseline 0.002 -21"><span class='ocrx_word' id='word_1_130' title='bbox 282 2009 522 2086; x_wconf 88' lang='lat' dir='ltr'>quimus</span> <span class='ocrx_word' id='word_1_131' title='bbox 582 2010 781 2068; x_wconf 87' lang='lat' dir='ltr'>adhuc</span> <span class='ocrx_word' id='word_1_132' title='bbox 838 2010 1029 2068; x_wconf 89' lang='lat' dir='ltr'>ferme</span> <span class='ocrx_word' id='word_1_133' title='bbox 1089 2011 1383 2068; x_wconf 85' lang='lat' dir='ltr'>intactam</span> <span class='ocrx_word' id='word_1_134' title='bbox 1436 2014 1674 2086; x_wconf 88' lang='lat' dir='ltr'>partem</span> <span class='ocrx_word' id='word_1_135' title='bbox 1734 2007 1901 2067; x_wconf 91' lang='lat' dir='ltr'>illam</span> <span class='ocrx_word' id='word_1_136' title='bbox 1955 2010 2083 2086; x_wconf 88' lang='lat' dir='ltr'>ejus</span> 
     </span>
     <span class='ocr_line' id='line_1_20' title="bbox 281 2107 2082 2186; baseline 0.001 -20"><span class='ocrx_word' id='word_1_137' title='bbox 281 2110 639 2179; x_wconf 85' lang='lat' dir='ltr'>carminum,</span> <span class='ocrx_word' id='word_1_138' title='bbox 685 2129 804 2186; x_wconf 92' lang='lat' dir='ltr'>qua</span> <span class='ocrx_word' id='word_1_139' title='bbox 847 2110 897 2168; x_wconf 88' lang='lat' dir='ltr'>is</span> <span class='ocrx_word' id='word_1_140' title='bbox 941 2108 1193 2167; x_wconf 90' lang='lat' dir='ltr'>meliore</span> <span class='ocrx_word' id='word_1_141' title='bbox 1238 2107 1617 2186; x_wconf 87' lang='lat' dir='ltr'>philosophia</span> <span class='ocrx_word' id='word_1_142' title='bbox 1671 2108 1970 2186; x_wconf 88' lang='lat' dir='ltr'>significat</span> <span class='ocrx_word' id='word_1_143' title='bbox 2018 2129 2082 2168; x_wconf 91' lang='lat' dir='ltr'>se</span> 
     </span>
     <span class='ocr_line' id='line_1_21' title="bbox 280 2206 2081 2286; baseline 0.001 -22"><span class='ocrx_word' id='word_1_144' title='bbox 280 2208 469 2266; x_wconf 91' lang='lat' dir='ltr'>imbui</span> <span class='ocrx_word' id='word_1_145' title='bbox 496 2226 509 2266; x_wconf 73' lang='grc' dir='ltr'>ε</span> <span class='ocrx_word' id='word_1_146' title='bbox 558 2215 832 2286; x_wconf 88' lang='lat' dir='ltr'>superest</span> <span class='ocrx_word' id='word_1_147' title='bbox 862 2216 933 2267; x_wconf 95' lang='lat' dir='ltr'>ut</span> <span class='ocrx_word' id='word_1_148' title='bbox 952 2209 1122 2285; x_wconf 88' lang='lat' dir='ltr'>justa</span> <span class='ocrx_word' id='word_1_149' title='bbox 1153 2206 1563 2285; x_wconf 89' lang='lat' dir='ltr'>disputatione</span> <span class='ocrx_word' id='word_1_150' title='bbox 1588 2225 1922 2282; x_wconf 76' lang='lat' dir='ltr'>quaeramus</span> <span class='ocrx_word' id='word_1_151' title='bbox 1953 2207 2081 2284; x_wconf 88' lang='lat' dir='ltr'>ejus</span> 
     </span>
     <span class='ocr_line' id='line_1_22' title="bbox 279 2305 2084 2386; baseline 0 -21"><span class='ocrx_word' id='word_1_152' title='bbox 279 2309 655 2386; x_wconf 86' lang='lat' dir='ltr'>magistrum,</span> <span class='ocrx_word' id='word_1_153' title='bbox 694 2307 958 2366; x_wconf 88' lang='lat' dir='ltr'>fueritne</span> <span class='ocrx_word' id='word_1_154' title='bbox 1002 2309 1052 2366; x_wconf 86' lang='lat' dir='ltr'>is</span> <span class='ocrx_word' id='word_1_155' title='bbox 1095 2307 1392 2385; x_wconf 86' lang='lat' dir='ltr'>Epicurus</span> <span class='ocrx_word' id='word_1_156' title='bbox 1437 2325 1515 2364; x_wconf 89' lang='lat' dir='ltr'>an</span> <span class='ocrx_word' id='word_1_157' title='bbox 1562 2305 1758 2363; x_wconf 78' lang='lat' dir='ltr'>Plato.</span> <span class='ocrx_word' id='word_1_158' title='bbox 1855 2306 2084 2385; x_wconf 88' lang='lat' dir='ltr'>Magna</span> 
     </span>
     <span class='ocr_line' id='line_1_23' title="bbox 280 2405 2081 2484; baseline 0 -20"><span class='ocrx_word' id='word_1_159' title='bbox 280 2406 527 2484; x_wconf 89' lang='lat' dir='ltr'>quidem</span> <span class='ocrx_word' id='word_1_160' title='bbox 572 2412 636 2463; x_wconf 92' lang='lat' dir='ltr'>et</span> <span class='ocrx_word' id='word_1_161' title='bbox 682 2406 880 2484; x_wconf 89' lang='lat' dir='ltr'>gravis</span> <span class='ocrx_word' id='word_1_162' title='bbox 926 2406 1040 2464; x_wconf 89' lang='lat' dir='ltr'>erit</span> <span class='ocrx_word' id='word_1_163' title='bbox 1081 2407 1352 2484; x_wconf 83' lang='lat' dir='ltr'>quaestiO,</span> <span class='ocrx_word' id='word_1_164' title='bbox 1399 2405 1504 2464; x_wconf 89' lang='lat' dir='ltr'>sed</span> <span class='ocrx_word' id='word_1_165' title='bbox 1552 2424 1949 2482; x_wconf 89' lang='lat' dir='ltr'>nequaquam,</span> <span class='ocrx_word' id='word_1_166' title='bbox 1993 2407 2081 2464; x_wconf 93' lang='lat' dir='ltr'>uti</span> 
     </span>
     <span class='ocr_line' id='line_1_24' title="bbox 281 2503 773 2583; baseline -0.002 -20"><span class='ocrx_word' id='word_1_167' title='bbox 281 2524 473 2583; x_wconf 76' lang='lat' dir='ltr'>spere,</span> <span class='ocrx_word' id='word_1_168' title='bbox 498 2503 773 2563; x_wconf 89' lang='lat' dir='ltr'>difficilis.</span> 
     </span>
    </p>
   </div>
  </div>
 </body>
</html>
