2288 4036
127 214 281 247 PRAEL.
306 212 452 244 xxw.
533 193 645 256 Qua
670 201 826 244 mente
851 193 911 244 de
923 192 1138 260 floribus
1163 199 1351 244 canant
1377 195 1557 244 Poetce.
1769 197 1875 247 523

299 331 374 376 ἰ’ων
394 332 593 388 ξανθαῖσι
615 333 683 376 καὶ
702 332 1038 391 παμπορφύροις
1057 333 1202 378 ἀκτῖσι
1222 333 1515 391 βεβρεγμένος
1534 332 1672 390 ἁβρὸν

303 409 441 460 σῶμα·
473 404 523 448 τὸ
551 404 619 447 καὶ
651 404 939 460 κατεφάμιξεν
970 405 1196 449 καλεῖσθαι
1226 405 1299 461 μὶν
1323 406 1468 464 χρόνῳ
1489 403 1706 460 σύμπαντι
1736 406 1875 462 ματὴρ

359 475 472 519 τοῦτ’
495 475 611 532 ὄνυμ’
633 475 856 519 ἀθάνατον.

134 579 298 636 Nihil
339 579 453 634 vidi
497 580 748 646 suaviUS,
789 580 1048 653 excipias
1093 580 1270 635 modo
1317 578 1593 653 Spenseri
1637 598 1875 635 carmen

131 677 202 731 de
247 682 478 730 mortuo
524 675 763 730 Sidneio
807 674 1357 731 consolatoriumm:
1404 675 1570 749 eujus
1615 675 1872 731 animam

130 778 304 846 negat
333 789 500 844 posse
530 770 696 837 mori,
728 771 865 844 quia

532 883 654 926 Vivit
674 890 839 926 aeterno
861 883 946 940 pia,
970 883 1091 933 vivit,
1114 898 1208 927 aevo

534 955 721 1006 Umbra,
745 955 911 998 securis
933 956 1096 998 fruitur
1115 955 1245 999 beata

533 1027 740 1071 Manium
761 1027 928 1083 campis
945 1043 954 1069 ε
987 1027 1050 1070 ibi
1071 1027 1245 1070 delicati

888 1098 1016 1141 More
1036 1097 1259 1156 modoque

536 1170 715 1213 Dormit
735 1169 929 1222 infantis,
952 1170 1087 1213 modo
1109 1171 1186 1228 qui
1208 1170 1294 1213 diei

533 1240 787 1285 Candidum
809 1242 971 1298 carpsit
986 1241 1134 1299 jubar.
1200 1241 1262 1285 O!
1287 1240 1486 1298 quiescas

532 1313 743 1365 Molliter,
766 1314 839 1357 cui
860 1321 996 1357 strata
1010 1315 1161 1371 jacent
1182 1313 1322 1358 odoro

888 1385 999 1428 Lilia
1017 1387 1147 1437 lecto,

533 1458 619 1502 Cui
639 1473 752 1502 rosae
774 1458 955 1509 circum,
978 1466 1229 1516 teneraeque
1250 1459 1399 1502 velant

531 1530 750 1581 Membra,
768 1529 1047 1587 jucundum!
1082 1530 1210 1573 violae
1224 1548 1237 1581 ;
1270 1545 1414 1587 neque
1435 1530 1528 1573 ullo

530 1601 748 1659 Tempore
769 1602 933 1645 aestivae
955 1608 1072 1645 caret
1095 1616 1202 1644 aura
1222 1602 1381 1654 noctis,

886 1673 985 1717 Lux
1008 1681 1125 1717 caret
1146 1675 1275 1725 alma,

530 1746 701 1788 Alitum
724 1752 872 1796 cantu,
893 1744 1116 1802 Superum
1138 1745 1324 1788 choreis.

531 1817 600 1859 En
618 1818 773 1868 melos,
794 1832 1013 1874 vocesque
1033 1832 1177 1868 novae,
1201 1816 1279 1860 sed
1300 1817 1386 1873 ipsi

532 1886 631 1933 Rite
652 1888 838 1939 vocales,
859 1888 960 1930 licet
980 1888 1053 1930 ille
1075 1902 1234 1931 somno

887 1959 1092 2002 Dormiat
1112 1961 1216 2003 alto.

206 2078 444 2137 Vellem
489 2080 762 2153 equidem
804 2080 890 2135 fas
924 2088 1079 2136 esset
1118 2081 1265 2136 mihi
1297 2080 1476 2136 verba
1511 2080 1638 2154 ipsa
1685 2080 1874 2155 Spen-

124 2176 228 2232 seri
262 2176 534 2250 proferre,
559 2176 897 2251 dignissima
927 2195 1083 2242 sane,
1113 2196 1245 2251 quae
1277 2196 1414 2232 cum
1448 2176 1703 2233 Pindaro
1735 2197 1874 2234 oon-

125 2271 299 2327 ferret
349 2271 574 2344 aliquiS‚
622 2290 692 2327 ea
737 2279 957 2338 mente,
1006 2279 1074 2328 ut
1119 2273 1395 2347 exemplo
1440 2274 1872 2330 demonstraret

124 2365 376 2422 officium
427 2385 592 2441 paene
639 2375 1074 2422 sacrosanctum
1117 2388 1410 2443 germanae
1457 2369 1749 2425 Poeseos:
1797 2370 1872 2425 si-

123 2462 357 2536 quidem
389 2462 702 2518 dioendum
734 2470 824 2517 est
860 2463 931 2517 ad
971 2482 1101 2518 eam
1142 2471 1330 2519 artem
1375 2464 1522 2519 nihil
1554 2464 1873 2520 vehemen-

122 2556 238 2614 tius
279 2558 588 2632 pertinere,
621 2576 796 2630 quam
840 2565 908 2612 ut
952 2559 1010 2613 in
1053 2557 1228 2614 altius
1265 2560 1700 2632 quodammodo
1739 2579 1873 2615 eve-

121 2650 334 2707 hantur
383 2659 675 2726 quotquot
734 2659 871 2707 sunt
930 2653 1258 2708 animorum
1310 2659 1526 2717 motus,
1574 2654 1757 2708 immo
1810 2654 1869 2708 in

124 2755 348 2821 partem
380 2748 675 2804 divinioris
706 2747 1086 2822 philosophiae
1119 2747 1374 2802 veniant.

207 2842 598 2911 Nolite-enim
629 2851 852 2917 putare,
878 2843 1030 2898 forte
1055 2843 1306 2916 quadam
1338 2842 1581 2907 factum,
1601 2849 1669 2897 ut
1702 2849 1869 2898 tanto

128 2936 440 2993 Poetarum
491 2957 777 2995 consensu
829 2939 1250 2994 adhiberentur
1291 2939 1454 3012 quasi
1504 2939 1565 2993 in
1614 2938 1864 2995 tutelam

126 3051 435 3106 puerorum
482 3034 900 3090 dormientium
952 3034 1123 3090 flores
1176 3054 1243 3091 ao
1295 3034 1451 3100 folia,
1502 3034 1668 3089 verni
1718 3042 1869 3089 tem-

128 3129 278 3202 poris
319 3128 583 3185 honores.
675 3129 835 3185 Nam
880 3136 1091 3203 praeter
1131 3138 1450 3203 utrumque
1489 3147 1690 3184 eorum
1724 3148 1869 3202 quos

128 3223 300 3281 modo
329 3225 719 3291 nominabam,
751 3226 966 3281 scimus
997 3226 1239 3282 eandem
1289 3224 1448 3299 plebi
1480 3243 1714 3298 quoque
1745 3223 1868 3297 pla-

726 3433 753 3448 ¹¹¹
778 3425 982 3480 Spenser‚
1006 3425 1250 3481 Astrophel.
