2288 4036
123 218 277 252 PRAEL.
295 216 422 249 xxv,
546 197 843 249 Pindarica
868 197 929 249 de
953 195 1197 248 victorum
1210 194 1464 263 praemiis
1766 197 1872 250 493

124 341 450 399 Veniamus
499 339 676 395 hodie
727 338 800 395 ad
852 339 1098 413 praemia
1145 337 1438 404 victoriae;
1489 337 1870 410 praeconium,

122 443 293 505 serta,
333 435 548 510 epulaS‚
588 433 809 501 Κῶμον,
846 433 1133 509 hymnum
1172 435 1272 509 qui
1310 432 1630 490 vocabatur
1660 432 1876 488 Ἐπινί-

120 551 261 593 κιοςε
308 532 464 606 quod
509 549 696 607 genus
737 548 930 598 omne,
975 531 1065 586 uti
1108 549 1214 605 par
1253 536 1398 597 erat,
1443 528 1731 585 Pindarus
1775 548 1876 604 ap-

121 629 308 703 prime
351 627 532 684 habet
566 627 628 682 in
668 625 910 682 deliciis.
1000 626 1073 683 In
1111 633 1390 702 promptu
1430 625 1543 682 erit
1573 625 1876 700 exemplo-

44 734 49 737 '
121 742 250 780 rum
291 742 472 798 segeS‚
509 722 745 779 uberior
788 723 1033 780 fortasse
1064 742 1240 798 quam
1287 729 1496 779 antea:
1546 721 1759 795 quibus
1798 739 1875 777 ne

122 821 274 877 desit
304 820 445 875 ordo
469 820 708 894 quidem
740 837 897 886 SUUS,
926 819 1318 876 adhibeantur
1345 818 1535 893 primo
1558 835 1688 891 quae
1718 835 1878 873 com-

120 915 323 972 munia
362 922 498 972 sunt
534 914 819 971 universae
859 914 1219 971 athletarum
1256 912 1516 980 nationi3
1563 912 1776 969 deinde
1807 930 1877 969 ea

122 1012 335 1086 quibus
382 1013 627 1068 minime
671 1030 955 1087 negamus
1006 1010 1322 1067 immisceri
1367 1009 1726 1084 praecipuum
1772 1009 1878 1066 ali-

122 1109 276 1183 quod
307 1128 375 1165 ac
405 1109 707 1183 proprium
739 1107 996 1164 Pindari.

204 1200 342 1257 Jam
386 1202 708 1258 victoribus
757 1202 904 1258 nihil
948 1221 1140 1277 neque
1185 1203 1344 1277 prius
1384 1221 1578 1277 neque
1616 1208 1686 1258 ut
1728 1208 1876 1277 puto

119 1296 342 1372 gratius
389 1296 750 1364 occurrebat,
784 1315 960 1370 quam
1011 1302 1081 1352 ut
1131 1294 1307 1370 pleno
1354 1295 1668 1352 Graiorum
1716 1300 1875 1351 coetu

120 1391 338 1467 publici
399 1392 680 1466 praeconis
732 1410 876 1448 voce
930 1392 1420 1448 renunciarentur
1462 1392 1729 1457 victoreS,
1776 1393 1878 1448 ad-

110 1489 275 1563 jecto
306 1495 436 1544 tum
476 1488 658 1563 patris
688 1494 818 1544 tum
849 1487 1029 1544 etiam
1067 1488 1270 1563 patriae
1301 1487 1558 1544 nomine.
1647 1486 1876 1543 Mirum

120 1584 321 1658 itaque
372 1585 430 1640 ni
477 1581 590 1654 βοὰ
635 1581 858 1663 κάρυκος
901 1584 1070 1641 ἐσλοῦ
1114 1586 1232 1642 suis
1284 1584 1598 1659 aliquando
1649 1584 1879 1640 fruatur

120 1679 390 1737 laudibus
433 1682 589 1756 apud
631 1680 975 1756 ScriptoreS,
1013 1700 1159 1756 quos
1199 1688 1428 1749 vocant,
1463 1680 1874 1757 Agonisticos:

120 1776 442 1852 praesertim
474 1796 609 1834 cum
640 1778 738 1834 isti
770 1777 960 1835 officio
990 1777 1264 1834 tribuerit
1295 1797 1526 1852 semper
1555 1777 1876 1850 antiquitas

122 1870 438 1929 Hellenica
461 1880 729 1929 sanctum
753 1872 991 1948 aliquod
1014 1892 1082 1930 ac
1106 1873 1464 1949 religiosum.
1527 1872 1626 1929 Sic
1645 1872 1877 1928 AEtneae

122 1966 381 2024 Coloniae
423 1969 757 2044 gratulatur
788 1969 992 2036 Poeta,
1025 1970 1181 2044 quod
1226 1989 1358 2026 eam
1402 1989 1521 2026 non
1561 1968 1877 2044 Syracusas

122 2083 253 2122 suas
304 2066 590 2122 nominari
643 2065 896 2122 voluerit
948 2064 1137 2122 Hiero
1187 2065 1507 2132 πυθιονίκης,
1561 2065 1721 2122 edita
1772 2082 1877 2138 pro

121 2180 284 2219 more
316 2158 619 2218 formulab.

474 2291 639 2336 κλεινὸς
660 2290 856 2348 οἰκιστὴρ
879 2290 1075 2336 ἐκύδανεν
1094 2293 1224 2336 πόλιν

472 2363 658 2421 γείτονα,
681 2363 897 2408 Πυθιάδος
913 2361 949 2406 δ’
973 2364 1019 2407 ἐν
1039 2364 1184 2424 δρόμῳ
1206 2364 1340 2420 κάρυξ
1360 2362 1530 2407 ἀνέειπέ
1547 2380 1626 2413 νιν,
1648 2360 1880 2419 ἀγγέλλων

530 2433 721 2491 Ἱέρωνος
740 2434 848 2491 ὑπὲρ
870 2434 1115 2479 καλλινίκου

473 2503 652 2563 ἅρμασι.

125 2606 259 2675 Quo
303 2607 364 2663 in
408 2607 538 2665 loco
580 2609 947 2665 mentionem
983 2626 1234 2683 quoque,
1274 2607 1416 2665 licet
1460 2606 1877 2671 obscuriorem,

123 2702 248 2758 fieri
279 2703 621 2760 crediderim
656 2703 911 2761 solennis
929 2702 1249 2761 -cantilenae
1261 2710 1301 2770 ⁰,

477 2823 676 2880 τήνελλα·

477 2896 510 2940 ὦ
532 2896 761 2941 καλλίνικε·
794 2896 908 2954 χαῖρ’
932 2895 1039 2953 ἅναξ
1057 2895 1293 2954 Ἡράκλεες

476 2960 603 3012 αῧτός
622 2985 669 3011 τε
688 2965 754 3025 χῶ
775 2969 955 3020 Ἰόλαος,
978 2967 1164 3026 αἷχμάτα
1185 2968 1277 3012 δυό.

476 3037 677 3094 τήνελλα.

125 3140 397 3198 Carmine
440 3140 552 3198 hoc
598 3160 732 3198 cum
780 3143 897 3199 suis
941 3142 1560 3198 numeris—numeros
1607 3139 1877 3216 intelligo

124 3235 323 3310 quales
366 3236 587 3294 habent
630 3238 1247 3296 musici—utebantur
1286 3237 1471 3294 ferme
1515 3237 1576 3292 in
1613 3234 1879 3310 Panegy-

124 3332 272 3398 riciS‚
330 3332 377 3389 si
436 3334 530 3389 cui
588 3333 946 3391 athletarum
1006 3334 1194 3390 defuit
1252 3332 1520 3409 proprius
1589 3331 1875 3388 laudator.

266 3524 282 3550 ὓ
304 3527 433 3582 Pyth.
463 3542 499 3570 1.
526 3543 596 3584 59.
1074 3538 1088 3554 ⁶
1124 3530 1267 3572 Schol.
1291 3530 1336 3570 in,
1360 3528 1488 3571 Pind.
1537 3527 1604 3568 Ol.
1630 3541 1670 3582 9.
1701 3540 1736 3567 1.
