2288 4036
239 188 348 247 698
567 191 870 243 Lucretium
898 191 1091 243 Pietati
1115 191 1306 261 &sepius
1331 191 1580 243 inservire
1600 214 1615 243 .·
1694 211 1854 243 PRAEL.
1873 211 2041 244 XXXV.

240 337 508 395 cationes
553 338 851 395 desideret
896 338 1025 413 ejus
1058 356 1239 413 quam
1284 336 1604 412 perhibent
1652 339 1912 406 insaniae,
1947 338 2040 396 vel

234 434 424 510 ipsam
459 435 751 492 insaniam
798 442 975 511 putet
1020 454 1140 493 non
1182 435 1337 494 bene
1381 436 1587 494 referri
1619 437 1694 494 ad
1725 437 2041 495 obscuram

236 533 687 602 divinationem,
725 553 795 591 ac
843 533 1094 591 Numen
1140 533 1403 611 aliquod,
1447 536 1610 593 idem
1656 543 1860 594 tamen
1907 555 2040 594 sen-

233 633 364 701 tiat,
411 632 487 689 ab
529 631 633 690 illo
667 632 880 702 Poeta,
914 631 1011 690 vel
1056 633 1367 702 insciente,
1400 632 1774 710 comprobari
1820 635 2040 692 miran-

234 731 379 788 dum
410 731 471 788 in
505 731 775 801 modum,
798 731 987 789 immo
1011 733 1168 790 tradi
1199 752 1269 791 ac
1302 733 1710 791 commendari
1742 734 2035 801 omnibUS,

233 850 366 887 eam
399 829 774 909 religionem,
807 850 987 907 quam
1022 831 1218 889 verbis
1250 831 1405 890 solet
1436 832 1670 890 tollere.

322 929 602 988 Profecto
647 950 771 988 non
816 930 993 989 facile
1038 931 1308 990 invenias
1353 931 1514 1008 apud
1550 950 1893 1008 quenquam
1939 950 2039 988 eo-

231 1048 364 1085 rum
409 1027 754 1098 Poetarum,
788 1030 891 1106 qui
936 1028 1050 1088 hac
1096 1030 1327 1106 optima
1358 1029 1527 1088 Luce
1572 1037 1910 1099 caruerunt,
1943 1035 2038 1087 tot

230 1147 435 1186 versus
482 1135 609 1186 tam
657 1127 953 1198 laudatOS‚
998 1129 1101 1205 qui
1149 1128 1353 1186 solidae
1402 1136 1466 1186 et
1517 1129 1769 1188 sincerae
1821 1129 2035 1205 pietati

229 1228 647 1285 testimonium
691 1228 1139 1304 quodammodo
1171 1227 1332 1285 ultro
1364 1228 1736 1304 impertiant.
1829 1227 2035 1286 Nemo

228 1327 502 1385 omnium
549 1326 724 1404 plura
768 1328 1023 1405 scripsit,
1065 1347 1203 1405 quae
1255 1328 1318 1385 in
1372 1328 1593 1386 bonam
1643 1333 2035 1405 sanctamque

227 1434 461 1504 partem
512 1434 866 1485 convertere
918 1433 1139 1504 posset,
1183 1427 1286 1503 qui
1325 1426 1527 1496 vellet,
1574 1434 1812 1485 mutato
1853 1428 2034 1486 modo

226 1526 325 1584 hic
361 1526 485 1584 illic
527 1545 648 1584 uno
686 1533 870 1602 atque
916 1525 1108 1584 altero
1140 1526 1342 1594 verb0,
1375 1533 1613 1584 servato
1650 1534 1859 1585 tamen
1903 1528 2035 1585 uni-

227 1644 410 1684 versae
455 1625 777 1684 sententiae
823 1631 1054 1682 tenore.
1149 1623 1331 1694 Quod
1368 1644 1560 1703 genus
1601 1625 1792 1684 ferme
1831 1625 2036 1703 appel-

225 1721 354 1779 lant
382 1722 782 1781 Grammatici
813 1719 1116 1801 παρῳδίαν.
1195 1720 1317 1780 Sed
1349 1741 1422 1780 ea
1451 1741 1571 1779 vox
1601 1728 1674 1780 ut
1704 1721 2034 1798 plurimum

224 1821 548 1879 adhibetur
576 1821 640 1878 in
671 1839 735 1878 re
767 1819 893 1878 sola
922 1819 1176 1879 ridicula
1220 1840 1290 1879 ac
1331 1820 1547 1879 faceta.
1639 1819 1790 1880 Vim
1826 1827 2033 1879 autem

224 1921 353 1997 ejus
411 1927 621 1979 extare
679 1920 743 1977 in
803 1920 970 1978 seriis
1024 1938 1281 1997 quoque,
1336 1920 1619 1989 sentient,
1676 1920 1907 1996 opinor,
1957 1919 2032 1978 ad

223 2038 414 2076 unum
460 2037 686 2086 omueS,
720 2020 823 2094 qui
868 2018 1073 2095 paullo
1106 2018 1458 2097 diligentius
1499 2018 1846 2087 Poetarum,
1887 2037 2034 2095 prae-

224 2120 429 2176 sertim
465 2125 762 2187 veterum,
794 2117 1003 2196 legent
1034 2118 1318 2176 carmina.

311 2217 648 2277 Videamus
679 2224 886 2275 autem
918 2218 980 2274 in
1012 2236 1134 2274 uno
1166 2217 1479 2292 alteroque
1510 2215 1813 2292 exempIO,
1845 2234 2032 2292 quan-

224 2323 316 2374 tas
361 2325 561 2393 partes
606 2316 851 2393 pietatis
903 2316 1168 2374 habeant
1219 2335 1429 2374 revera
1475 2314 1824 2372 Lucretiani
1874 2313 2027 2382 libri,

222 2417 518 2473 insciente
564 2422 628 2472 et
681 2415 873 2473 invito
921 2414 1129 2474 Poeta.
1222 2415 1448 2482 Prim0,
1495 2414 1628 2491 quis
1680 2434 1802 2472 non
1843 2414 2026 2481 videt,

209 2513 430 2588 jecisse
471 2532 613 2571 eum
658 2512 1058 2571 fundamenta
1101 2512 1423 2572 meliorum
1465 2531 1648 2589 quam
1693 2532 1800 2589 pro
1845 2520 2026 2590 captu

222 2612 469 2689 Epicuri
515 2612 623 2680 sui,
657 2612 818 2688 quod
850 2612 1047 2671 verbis
1094 2612 1481 2687 numerisque
1527 2611 1678 2669 adeo
1723 2609 2026 2669 flebilibus

219 2712 497 2770 miseram
531 2730 879 2790 aegramque
910 2711 1257 2769 mortalium
1294 2710 1481 2767 vitam
1515 2709 1917 2786 deploraverit
1937 2709 2002 2767 a?

463 2834 512 2879 Si
533 2842 720 2892 possent
741 2833 966 2888 homines,
994 2833 1186 2893 proinde
1207 2848 1260 2878 ac
1282 2833 1448 2878 sentire
1469 2831 1683 2878 videntur

462 2908 651 2953 Pondus
673 2908 820 2953 inesse
842 2908 997 2953 animo
1018 2907 1144 2967 quod
1166 2922 1214 2952 se
1235 2907 1453 2966 gravitate
1474 2906 1644 2964 fatiget,

463 2981 522 3025 Et
544 2982 712 3041 quibus
734 2982 782 3026 id
804 2982 881 3026 fiat
904 2982 1054 3027 causis
1077 2996 1366 3040 cognoscere,
1389 2987 1432 3025 et
1454 2979 1579 3025 unde

459 3054 607 3099 Tanta
627 3056 735 3099 mali
756 3063 975 3115 tanquam
996 3057 1139 3100 moles
1161 3056 1210 3100 in
1231 3062 1411 3113 pectore
1433 3061 1636 3107 constet3

462 3128 604 3173 Haud
625 3129 687 3173 ita
707 3130 848 3174 vitam
870 3137 1071 3189 agerent,
1094 3136 1146 3174 ut
1167 3144 1291 3174 nunc
1313 3129 1581 3187 plerumque
1602 3127 1826 3179 videmus,

461 3201 589 3251 Quid
610 3203 698 3247 sibi
719 3204 911 3263 quisque
933 3204 1054 3257 velit,
1078 3204 1266 3256 nescire,
1290 3210 1334 3247 et
1356 3217 1556 3262 quaerere
1578 3217 1771 3260 semper,

460 3274 755 3321 Commutare
776 3277 943 3329 locum,
967 3277 1097 3336 quasi
1119 3291 1236 3321 onus
1259 3275 1483 3334 deponere
1504 3275 1663 3333 possit.

302 3402 603 3479 Equidem
629 3423 839 3462 omnes
869 3423 1061 3480 paene,
1084 3404 1185 3480 qui
1217 3421 1418 3460 versus
1450 3402 1831 3478 scripserunt,
1846 3400 2019 3458 video

1413 3624 1438 3631 v-

907 3628 930 3652 a
963 3621 1098 3667 Lucr.
1123 3636 1165 3680 3.
1195 3621 1324 3667 1066.
