2288 4036
182 296 335 329 PRAEL.
349 294 534 326 xxxv1.
565 276 703 325 Eum
722 274 852 324 ultro
872 291 922 324 se
941 273 1211 341 achim-(jere
1233 272 1576 323 Pastoralium
1600 272 1788 323 ordini.
1827 274 1932 327 717

184 421 341 476 Mira
385 437 522 474 sane
566 417 840 472 materies
879 414 1222 480 carminum,
1255 414 1314 469 ni
1359 414 1512 469 foret
1555 415 1616 468 in
1660 412 1933 468 manibus

183 513 444 571 Lucretii
475 530 700 586 poema,
731 528 934 565 recens
964 528 1031 565 ac
1062 508 1260 564 nobile
1292 507 1650 583 exemplum.

265 608 527 664 Proximi
559 624 759 662 versus
790 605 1046 660 eundem
1092 610 1387 669 revocant,
1415 604 1760 679 pingentem
1791 604 1937 678 pris-

182 706 318 761 tinae
347 703 503 758 illius
533 702 684 766 vitae,
718 701 1002 773 vacuique
1033 699 1188 755 orbis
1219 698 1597 756 solitudinem
1617 708 1672 755 c:

417 836 636 892 Incipiant
657 835 778 878 silvae
799 849 904 877 cum
924 834 1118 890 primum
1142 847 1336 889 surgere,
1360 846 1551 889 cumque

417 908 532 951 Rara
551 921 628 964 per
648 907 825 963 ignotos
846 912 992 949 errent
1013 904 1217 948 animalia
1236 910 1426 947 montes.

183 1031 363 1086 Porro
394 1027 739 1085 crediderim
773 1027 1046 1100 equidem
1077 1026 1259 1081 tacite
1307 1024 1529 1080 laudari
1564 1022 1932 1090 Lucretiana,

181 1125 281 1181 ubi
322 1125 489 1200 fingit
522 1122 809 1198 Virgilius
840 1122 1046 1196 Iopam
1092 1140 1263 1177 suum
1301 1139 1436 1176 cum
1468 1118 1692 1175 cithara
1721 1125 1782 1174 et
1813 1137 1935 1174 car-

182 1221 340 1275 mine
369 1220 556 1294 regias
587 1237 790 1274 ornare
821 1217 1022 1291 epulas
1041 1213 1099 1273 dz

888 1351 1069 1395 Cithara
1090 1350 1274 1394 crinitus
1298 1349 1429 1405 Iopas

418 1424 629 1467 Personat
651 1431 815 1473 aurata,
840 1423 991 1466 docuit
1013 1437 1112 1480 quae
1133 1421 1354 1464 maximus
1376 1419 1502 1462 Atlas
1520 1435 1529 1462 z

417 1495 506 1539 Hic
528 1496 645 1539 canit
665 1502 883 1539 errantem
907 1495 1097 1545 Lunam,
1122 1493 1325 1550 Solisque
1344 1491 1533 1541 labores,

417 1567 551 1611 Unde
571 1568 806 1611 hominum
827 1581 984 1624 genus,
1007 1573 1050 1609 et
1070 1565 1291 1622 pecudes;
1323 1563 1443 1606 unde
1464 1562 1606 1605 imber
1627 1568 1669 1604 et
1689 1562 1814 1618 ignes
1831 1579 1844 1612 3

416 1638 674 1689 Arcturum,
696 1638 954 1694 pluviasque
979 1635 1178 1695 HyadaS,
1199 1635 1490 1693 geminosque
1510 1632 1712 1676 Triones.

185 1753 416 1810 Deinde
448 1754 689 1810 adhibet
719 1773 847 1828 quae
878 1753 1127 1808 totidem
1160 1750 1352 1806 verbis
1386 1749 1513 1823 jam
1550 1754 1725 1804 antea
1763 1767 1936 1822 posu-

183 1857 308 1905 erat
350 1850 410 1905 in
457 1850 779 1926 Georgicis,
812 1849 1014 1917 “Quid
1054 1854 1289 1904 tantum
1322 1845 1633 1912 Oceano;’'
1677 1863 1753 1900 ne
1783 1844 1935 1901 forte

183 1945 436 2012 dubites,
477 1965 671 2002 annon
712 1948 917 2003 eadem
965 1945 1137 2020 plane
1174 1950 1439 1999 versetur
1483 1941 1591 1998 sibi
1635 1948 1774 1997 ante
1813 1940 1936 1997 ani-

181 2060 346 2096 mum
377 2042 598 2116 species
628 2043 897 2116 poeticae.

275 2137 368 2193 Ex
416 2137 505 2193 his
554 2138 819 2202 efficitur,
853 2137 1102 2213 Virgilio
1154 2142 1371 2201 nostr0,
1417 2153 1479 2190 se
1523 2134 1762 2207 quidem
1810 2133 1935 2207 ipso

172 2234 390 2308 judice,
422 2235 787 2291 intercedere
825 2254 959 2290 cum
994 2233 1272 2289 Lucretio
1309 2231 1723 2307 cognationem
1756 2248 1939 2303 quan-

183 2330 334 2395 dam,
366 2349 484 2385 non
525 2330 717 2387 levem
761 2330 940 2395 illam,
972 2349 1163 2403 neque
1200 2329 1524 2393 fortuitam,
1555 2327 1657 2382 sed
1698 2326 1935 2381 insitam

182 2426 416 2500 penitus
447 2434 508 2482 et
543 2426 799 2483 inustam
843 2427 1149 2499 utriusque
1189 2423 1551 2498 praecordiis:
1597 2422 1788 2478 multo
1827 2422 1938 2477 ita-

182 2539 297 2594 que
328 2522 518 2577 verius
555 2520 761 2577 ascribi
800 2540 933 2576 eum
969 2519 1379 2586 Pastoralium,
1407 2538 1583 2594 quam
1616 2518 1933 2592 Epicorum

183 2617 523 2673 ordinibus:
575 2636 766 2691 neque
817 2625 938 2673 tam
992 2635 1067 2672 ex
1120 2615 1378 2673 AEneide
1422 2614 1810 2689 judicandum
1863 2613 1936 2668 de

182 2713 459 2787 peculiari
505 2714 629 2787 ejus
674 2733 838 2779 vena,
871 2732 1045 2788 quam
1077 2710 1158 2768 ex
1195 2713 1280 2778 iis,
1314 2731 1442 2786 quae
1486 2711 1811 2785 scripserat,
1838 2709 1936 2782 ju-

182 2809 311 2864 nior
339 2828 474 2865 cum
506 2817 676 2875 esset,
702 2829 993 2883 suumque
1024 2809 1096 2865 ad
1128 2809 1435 2865 arbitrium
1467 2808 1655 2882 magis
1685 2813 1747 2862 et
1780 2806 1937 2861 vive-

183 2913 272 2960 ret
303 2912 364 2960 et
395 2913 650 2961 caneret.

267 2999 496 3058 Verum
528 3002 667 3075 quid
698 3001 927 3057 multa?
972 3002 1030 3056 in
1063 3000 1172 3057 hac
1195 2999 1525 3076 Virgiliana
1555 3018 1745 3066 causa,
1772 2999 1937 3073 siqua

181 3097 242 3152 in
273 3096 401 3162 alia,
434 3098 932 3171 supersedendum
975 3097 1163 3172 longis
1203 3097 1563 3172 ambagibus.
1647 3095 1809 3152 Nolo
1839 3095 1935 3152 hic

182 3191 502 3248 circumeat
553 3192 778 3267 aliquiS,
827 3193 1006 3248 dubio
1052 3193 1217 3267 pede,
1264 3192 1510 3248 obscura
1552 3191 1716 3266 quasi
1768 3190 1932 3247 loca:

181 3286 326 3341 nihil
373 3306 518 3361 opus
562 3295 734 3344 erunt
778 3289 1129 3362 conjecturae
1173 3287 1435 3353 subtiles,
1466 3293 1528 3342 et
1565 3286 1744 3342 odora
1781 3305 1935 3360 quae-

183 3383 316 3438 dam
365 3384 451 3440 vis
498 3384 813 3460 diligenter
863 3391 924 3439 et
976 3390 1150 3440 acute
1192 3384 1550 3440 venantium.
1639 3381 1728 3439 Ut
1775 3382 1933 3438 enim

361 3587 380 3609 c
404 3580 534 3623 Lucr.
560 3592 600 3634 5.
618 3561 708 3624 *sub
731 3582 827 3624 init.
1363 3580 1385 3609 d
1405 3581 1516 3623 AEn.
1545 3594 1583 3622 1.
1608 3590 1706 3635 744.
