2288 4036
139 238 698 302 PRAEL.xxv11.Quonam
715 237 758 288 is
777 236 978 288 consilio
998 245 1213 288 veterum
1230 236 1454 306 exempla
1469 235 1766 290 adhibuerit.
1778 240 1887 294 549

310 371 402 418 εἶπε
424 373 459 417 δ’
483 373 528 417 ἐν
546 373 732 430 μέσσοις
753 372 1013 430 ἀπάγεσθαι,
1037 372 1083 418 ὃς
1102 371 1153 416 ἂν
1171 376 1340 429 πρῶτος
1359 372 1498 428 θόρων

310 445 426 503 ἀμφί
445 446 485 487 οἱ
506 443 696 502 ψαύσειε
717 443 913 489 πέπλοις·

309 515 393 561 ἔνθ’
414 516 711 572 Ἀλεξίδαμος,
734 516 825 560 ἐπεὶ
847 515 962 574 φύγε
982 516 1205 573 λαιψηρὸν
1224 515 1397 573 δρόμον,

308 590 520 647 πάρθενον
543 589 691 632 κεδνὰν
710 589 808 646 χερὶ
828 590 974 646 χειρὸς
993 589 1105 631 ἑλὼν

309 661 411 720 ἆγεν
431 663 637 706 ἱππευτᾶν
660 661 869 717 Νομάδων
892 659 943 704 δι’
967 659 1132 717 ὅμιλον·
1164 659 1312 703 πολλὰ
1330 659 1409 715 μὲν
1430 662 1558 703 κεῖνοι
1579 659 1697 703 δίκον

308 730 443 790 φύλλ’
466 732 535 776 ἔπι
557 732 625 776 καὶ
646 733 905 789 στεφάνους·
1218 729 1222 732 i

308 806 455 850 πολλὰ
477 805 522 848 δὲ
542 804 736 862 πρόσθεν
755 805 892 861 πτερὰ
913 804 1066 861 δέξατο
1088 808 1219 849 νικᾶν.

136 900 355 959 Nescio
394 919 548 967 sane,
586 920 661 957 an
701 920 990 976 nusquam
1029 901 1123 956 vel
1161 900 1489 977 elegantius
1533 900 1781 958 luserint
1825 903 1886 958 in

135 1017 205 1054 eo
248 1016 463 1073 genere
504 1003 749 1064 veteres,
790 996 884 1052 vel
936 998 1174 1071 propius
1223 998 1578 1053 accesserint
1628 997 1701 1053 ad
1752 1017 1886 1054 eam

133 1094 296 1168 quasi
325 1092 654 1159 formulam,
687 1111 761 1148 ex
794 1112 909 1167 qua
949 1091 1297 1167 plerumque
1327 1093 1548 1149 fiebant
1578 1092 1888 1150 cantilenae

133 1189 246 1246 illae
302 1190 619 1264 majoribus
673 1190 886 1245 nostris
932 1189 1372 1263 acceptissimae,
1418 1189 1488 1246 iis
1538 1191 1887 1263 praesertim,

132 1286 232 1360 qui
263 1285 441 1341 vitam
485 1285 739 1361 agebant
779 1284 889 1340 sub
931 1283 1045 1351 dio,
1076 1291 1256 1359 atque
1300 1285 1362 1339 in
1406 1284 1651 1359 trepidis
1694 1285 1886 1350 rebuS,

133 1400 312 1456 prope
341 1381 486 1437 fines
515 1381 794 1438 hostium.
885 1380 1227 1438 Istiusmodi
1259 1380 1519 1437 maxime
1549 1379 1887 1438 hominibus

132 1485 298 1534 erant
338 1497 407 1534 ea
446 1477 706 1534 carmina
745 1478 805 1533 in
848 1477 1110 1534 deliciis:
1153 1478 1329 1534 credo
1374 1484 1615 1553 propter
1651 1477 1889 1535 liberta-

132 1581 255 1630 tem
284 1575 481 1631 nescio
503 1593 698 1648 quam,
723 1581 784 1630 et
815 1574 1087 1630 laetitiam
1117 1574 1376 1630 audaciae
1406 1592 1577 1648 paene
1606 1576 1888 1632 castrensi

130 1677 462 1745 cognatam.
553 1669 806 1739 Verum,
841 1677 910 1726 ut
949 1671 1107 1727 unde
1150 1670 1269 1727 abii
1314 1671 1587 1739 redeam3
1632 1690 1738 1746 per
1780 1671 1888 1728 hu-

119 1766 380 1840 jusmodi
424 1767 787 1823 narrationes
831 1768 1127 1823 monitum
1178 1785 1305 1824 esse
1348 1767 1516 1823 aiunt
1555 1787 1591 1824 a
1632 1768 1887 1827 Pindaro

131 1868 329 1919 nostro
359 1861 798 1930 Telesicratem,
832 1864 904 1919 de
936 1864 1154 1920 eximia
1184 1864 1473 1920 castitatis
1503 1864 1755 1923 laude-1³:

364 1979 483 2038 ὄφρα
503 1999 567 2027 τις
587 1986 671 2025 τῶν
692 1981 736 2027 ἐν
757 1982 920 2042 δυνάτῳ
941 1983 1190 2040 φιλοτάτων
1211 1980 1441 2040 ἐπιψαύειν
1461 1983 1621 2039 ἔραται.

130 2082 306 2151 Quod
351 2083 509 2139 idem
561 2082 675 2140 alio
726 2084 786 2139 in
837 2085 1096 2140 carmine
1144 2085 1320 2141 docet
1366 2084 1556 2142 Poeta
1591 2087 1887 2162 juvenum

131 2177 547 2256 AEginetarum
593 2199 712 2255 par,
751 2179 1133 2256 Phylacidam
1178 2200 1315 2238 cum
1362 2181 1615 2258 Pythea,
1662 2203 1890 2242 memo-

131 2284 257 2333 rato
306 2278 503 2353 magni
562 2278 731 2334 istius
786 2277 949 2334 Pelei
1008 2278 1289 2354 pericuIO,
1339 2287 1581 2355 propter
1631 2283 1890 2341 incestos

129 2373 419 2431 Thessalae
442 2374 743 2449 cujusdam
775 2393 1003 2431 amores
1022 2385 1066 2431 ‘¹.

716 2489 864 2532 πολλὰ
883 2490 967 2547 γάρ
987 2508 1061 2546 μιν
1080 2491 1207 2535 παντὶ
1230 2490 1349 2552 θύμῳ

302 2559 565 2618 παρφαμένα
583 2561 815 2605 λιτάνευεν·
848 2564 925 2604 τοῦ
943 2562 1022 2618 μὲν
1042 2562 1176 2621 ὀργὰν
1196 2563 1335 2618 κνίζον
1355 2564 1536 2608 αἰπεινοὶ
1557 2566 1699 2623 λόγοι·

303 2631 426 2678 εὐθὺς
448 2631 483 2675 δ’
506 2632 747 2676 ἀπανάνατο
769 2632 954 2690 νύμφαν,
976 2634 1133 2691 ξεινίου
1154 2637 1317 2693 πατρὸς
1336 2639 1475 2694 χόλον

303 2703 482 2749 δείσαις·
517 2707 542 2747 ὁ
564 2704 600 2748 δ’
623 2705 827 2763 ἐφράσθη
850 2706 1103 2751 κατένευσέν
1123 2707 1173 2751 τέ
1190 2710 1231 2751 οἱ
1252 2709 1491 2767 ὀρσινεφὴς
1518 2709 1566 2765 ἐξ
1585 2710 1770 2765 ούρανοῦ

304 2776 408 2821 Ζεὺς
425 2776 645 2822 ἀθανάτων
661 2777 891 2834 βασιλεύς,
913 2778 1016 2824 ὥστ’
1041 2779 1085 2823 ἐν
1105 2781 1228 2837 τάχει

302 2850 479 2894 ποντίαν
497 2852 841 2908 χρυσαλακάτων
861 2853 955 2896 τινὰ
971 2850 1192 2911 Νηρεΐδων
1211 2854 1392 2913 πράξειν
1410 2855 1586 2900 ἄκοιτιν.

215 2941 311 2999 Ex
360 2943 451 3001 his
496 2946 637 3002 satis
689 2946 935 3004 fortasse
993 2950 1214 3023 poterit
1264 2950 1536 3027 intelligi,
1585 2951 1885 3027 quodnam

132 3038 477 3115 plerumque
529 3042 709 3098 fuerit
754 3042 994 3100 Pindari
1044 3046 1373 3104 consilium.
1462 3048 1623 3106 Dato
1667 3050 1779 3106 sibi
1826 3050 1889 3106 in

134 3151 338 3192 manus
368 3138 531 3211 quasi
561 3140 817 3213 quodam
856 3139 973 3207 filo,
1003 3144 1304 3215 quaerebat
1333 3145 1517 3201 etiam
1547 3165 1653 3221 per
1682 3164 1888 3202 omnes

132 3228 462 3289 fabularum
506 3234 803 3311 ambageS,
851 3237 1011 3310 quod
1053 3256 1246 3296 mores
1289 3240 1598 3297 hominum
1643 3242 1767 3299 sive
1810 3243 1887 3299 ad

135 3325 418 3384 virtutem
453 3328 576 3386 sive
609 3329 682 3386 ad
722 3329 960 3388 civilem
1003 3335 1381 3408 prudentiam
1410 3337 1726 3395 informare
1754 3357 1888 3414 pos-

132 3427 238 3477 set.
273 3456 276 3458 -

365 3599 390 3631 Ρ
410 3594 540 3650 Pytlz.
562 3610 605 3649 4.
633 3594 730 3640 162.
1319 3609 1337 3633 ¹¹
1359 3603 1483 3646 Nem.
1506 3613 1549 3657 5.
1572 3602 1645 3660 56.
