2288 4036
400 168 511 223 460
688 168 980 222 Mulierum
1004 167 1172 236 officia
1186 184 1291 237 per
1318 166 1569 219 Danaum
1593 165 1802 228 doceri,·
1861 188 2018 221 PRAEL.
2043 189 2199 223 xxm.

400 320 542 378 dem
603 319 861 384 videtur,
922 316 1232 394 ingeniosa
1297 314 1401 373 illa
1460 315 1800 393 supplicum
1875 316 2200 374 mulierum

400 425 749 478 commenta
794 417 1188 475 vehementer
1234 415 1311 472 ad
1357 435 1562 473 earum
1609 421 1811 492 partes
1861 417 2198 492 pertinent:

400 520 605 584 imm0,
659 526 729 574 ut
781 517 974 574 fatear
1023 515 1310 573 audacius
1361 514 1608 592 aliquid,
1663 516 1944 573 videntur
1994 536 2203 594 sapere

400 619 531 696 ejus
578 618 839 675 foeminae
884 614 1170 683 indolem,
1212 635 1349 691 quae
1381 614 1647 674 Domino
1693 616 1769 674 ad
1815 623 2056 693 tempus
2102 637 2205 675 ne·-

399 718 570 797 ganti
599 736 722 774 non
754 715 949 774 solum
982 715 1079 792 pie
1109 715 1214 773 sed
1244 723 1423 773 acute
1455 735 1695 791 quoque
1726 716 2052 793 respondit,

769 833 839 876 καὶ
859 832 946 891 γὰρ
968 831 1023 876 τὰ
1044 831 1225 889 κυναρία
1248 831 1390 877 ἐσθίει
1410 831 1497 876 ἀπὸ
1519 837 1606 877 τῶν
1625 832 1797 892 ψιχίων
1810 840 1846 863 2·

405 950 665 1008 quaeque
696 930 848 988 adeo
879 929 1103 986 meruit
1134 935 1204 986 ut
1237 927 1435 1005 Ipsius
1466 947 1569 987 ore
1601 928 1965 989 laudaretur.

495 1030 591 1087 Ex
623 1029 736 1087 hae
767 1027 1172 1105 qualicunque
1203 1027 1624 1106 exemplorum
1656 1030 1808 1088 serie
1839 1050 1960 1088 non
2001 1032 2208 1110 inepte

394 1131 634 1208 judicet
693 1128 924 1206 aliquiS,
980 1128 1230 1186 minime
1284 1127 1476 1185 temni
1537 1129 1614 1186 ab
1667 1128 1952 1209 AEschylo
2005 1141 2209 1192 nostro

407 1230 681 1299 lenioreS,
735 1228 837 1306 qui
899 1234 1208 1298 vocantur,
1269 1226 1539 1297 affectus,
1602 1229 1935 1289 domestica
1994 1234 2209 1302 studia,

408 1331 790 1388 foeminarum
822 1347 1039 1387 moreS.
1121 1326 1230 1385 Sin
1262 1328 1519 1387 certiora
1548 1349 1793 1406 quaeraS,
1824 1340 2036 1391 monet
2067 1335 2210 1411 ipse,

405 1431 519 1489 sub
557 1430 753 1488 Danai
800 1447 1068 1506 persona,
1102 1447 1221 1505 qua
1259 1435 1393 1486 tum
1440 1427 1659 1507 linguae
1705 1431 2045 1507 prudentia,
2079 1441 2210 1492 tum

408 1530 698 1587 universae
730 1529 873 1586 vitae
912 1527 1142 1604 pudore
1181 1527 1445 1586 debeant
1476 1547 1622 1597 esse,
1653 1549 1787 1606 quae
1817 1532 2063 1590 nomine
2097 1533 2213 1590 vir-

405 1628 592 1707 ginali
625 1628 819 1707 dignae
850 1626 1058 1685 haberi
1090 1627 1338 1704 cupiant
1359 1636 1419 1686 a:

771 1745 955 1806 φθογγὴ
978 1744 1016 1790 δ’
1037 1745 1231 1800 ἑπέσθω,
1253 1750 1408 1806 πρῶτα
1427 1747 1508 1805 μὲν
1528 1748 1579 1792 τὸ
1599 1747 1659 1806 μὴ
1682 1748 1842 1809 θρασὺ,

774 1822 825 1865 τὸ
846 1820 905 1879 μὴ
927 1820 1110 1878 μάταιον
1132 1819 1170 1865 δ’
1194 1819 1241 1864 ἐκ
1262 1823 1691 1881 μετωποσωφρόνων

773 1892 851 1940 ἰ’τω
873 1896 1128 1954 προσώπων
1149 1893 1344 1953 ὄμματος
1363 1895 1465 1955 παρ’
1488 1895 1677 1957 ἡσύχου.

411 1993 646 2052 Iterum
677 1995 966 2052 admonet
986 1990 1047 2053 ¹³:

776 2113 886 2171 ὑμᾶς
908 2111 945 2157 δ’
970 2112 1129 2158 ἐπαινῶ
1150 2113 1208 2170 μὴ
1232 2113 1539 2173 καταισχύνειν
1561 2116 1649 2174 ε’μὲ,

775 2188 893 2247 ὥραν
914 2185 1108 2246 ἐχούσας
1127 2185 1244 2244 τήνδ’
1267 2187 1562 2247 ἐπίστρεπτον
1580 2193 1774 2250 βροτοῖς·

774 2260 927 2321 τέρειν’
951 2261 1103 2321 ὀπώρα
1125 2261 1161 2307 δ’
1186 2262 1463 2322 εὐφύλακτος
1484 2265 1697 2324 οὐδαμῶς·

776 2336 906 2396 θῆρες
927 2337 976 2381 δὲ
996 2337 1252 2395 κηραίνουσι
1273 2339 1344 2382 καὶ
1364 2339 1524 2397 βροτοί
1543 2359 1585 2385 τι
1605 2360 1694 2398 μιν,

777 2410 848 2454 καὶ
870 2410 1072 2455 κνώδαλα
1091 2414 1336 2471 πτεροῦντα
1358 2413 1428 2457 καὶ
1448 2413 1708 2472 πεδοστιβῆ.

776 2485 1046 2544 καρπώματα
1067 2485 1286 2540 στάζοντα
1309 2485 1526 2545 κηρύσσει
1547 2487 1729 2548 Κύπρις.

778 2633 850 2678 καὶ
867 2633 1097 2692 παρθενῶν
1117 2634 1349 2693 χλιδαῖσιν
1369 2636 1613 2696 εὐμόρφοις
1633 2638 1706 2682 ἔπι

777 2709 865 2755 πᾶς
883 2726 950 2754 τις
969 2707 1208 2766 παρέλθων
1227 2708 1423 2768 ὄμματος
1444 2710 1703 2771 θελκτηρίον

779 2780 953 2840 τόξευμ’
977 2782 1194 2842 ἔπεμψεν,
1218 2782 1351 2844 ἱμέρῳ
1372 2786 1617 2843 νικώμενος.

779 2931 914 2986 μόνον
934 2931 1134 2990 φυλάξαι
1157 2930 1284 2976 τάσδ’
1308 2932 1551 2979 ἐπιστολὰς
1570 2934 1751 2993 πατρὸς,

782 3006 832 3048 τὸ
856 3006 1110 3064 σωφρονεῖν
1130 3008 1305 3064 τιμῶσα
1326 3010 1405 3051 τοῦ
1425 3007 1528 3061 βίου
1549 3008 1700 3053 πλέον.

506 3115 628 3186 Qui
674 3117 1004 3193 prudenter
1047 3120 1200 3177 adeo
1244 3121 1630 3198 graviterque
1661 3120 1942 3179 disseruit
1979 3121 2055 3180 de
2092 3141 2223 3180 mu-

420 3212 635 3273 lierum
688 3215 914 3285 officiis,
970 3218 1019 3275 is
1073 3219 1283 3296 dignas
1341 3219 1552 3295 utique
1600 3220 1840 3278 censuit
1898 3220 2223 3279 mulierum

420 3310 712 3384 fortunaS,
736 3335 885 3392 quas
915 3324 1153 3394 regeret
1183 3318 1408 3376 eximia
1438 3318 1718 3394 quaedam
1749 3319 1969 3377 summi
2003 3317 2225 3377 Numi-

422 3414 513 3472 nis
559 3413 970 3473 Providentia.
1069 3416 1271 3486 Quare
1322 3417 1484 3476 idem
1540 3417 1643 3477 ille
1689 3417 1952 3497 Jupiter,
2005 3419 2109 3498 qui
2162 3417 2224 3477 in

513 3636 533 3659 Ζ
559 3629 607 3673 S.
626 3628 795 3674 Matth.
825 3641 893 3686 15.
922 3642 994 3690 27.
1241 3641 1264 3664 a
1298 3634 1406 3692 Sup.
1435 3645 1536 3690 ²05·
1783 3635 1807 3666 b
1840 3634 1954 3679 Ibid.
1982 3648 2111 3693 1003.
