2288 4036
241 281 396 316 PRAEL.
418 285 603 317 xxxma
672 267 812 331 Quid
832 268 888 318 in
915 267 1238 318 Lucretianis
1261 285 1318 318 ea
1344 285 1422 318 res
1445 267 1626 318 valeat.
1885 265 1992 323 695

240 422 597 471 caeterorum.
667 415 886 484 Quidni
904 416 1257 491 judicemus,
1281 414 1669 489 Philosophos
1690 414 1990 471 interdum

238 517 298 566 et
344 510 558 569 Poetas
610 513 697 569 sui
743 531 1036 587 quemque
1082 512 1257 569 Genii
1310 513 1504 568 edicta
1549 511 1990 587 promulgasse?

235 608 558 681 praesertim
594 609 640 664 si
672 609 771 682 qui
802 609 1100 683 propiores
1131 615 1297 665 erant
1328 607 1584 664 insaniae.

318 701 533 776 Neque
582 723 716 760 vero
764 705 1111 779 putandum,
1160 723 1235 760 ex
1281 703 1569 778 ejusmodi
1621 702 1787 758 fonte
1837 701 1985 756 nihil

231 799 340 854 nisi
370 799 592 856 foedum
633 800 1000 875 impiumque
1031 820 1268 857 manare
1299 801 1589 875 potuisse:
1636 817 1772 855 cum
1806 797 1981 854 Sum-

229 911 327 947 mo
371 899 549 968 atque
595 893 841 969 Optimo
888 895 1129 951 Rectori
1174 896 1233 952 id
1281 914 1450 970 paene
1491 894 1732 951 solenne
1777 893 1867 960 sit,
1914 900 1982 949 ut

228 1005 331 1044 sua
359 991 667 1047 confirmet
697 998 875 1065 atque
918 993 1196 1066 praedicet
1240 992 1630 1057 inimicorum,
1661 989 1847 1063 velint
1877 1009 1982 1046 no-

225 1082 351 1151 lint,
382 1086 741 1154 testimonio,
773 1106 876 1143 seu
904 1087 1244 1144 mortalium
1277 1089 1397 1144 sive
1429 1087 1801 1143 Daemonum.

315 1179 466 1238 Haec
518 1183 564 1239 si
617 1183 711 1239 cui
763 1202 881 1239 non
931 1185 1168 1258 penitus
1227 1185 1429 1258 inepta
1480 1191 1541 1239 et
1599 1181 1795 1239 futilia
1852 1200 1978 1239 esse

224 1275 595 1346 videbuntur,
627 1280 675 1337 is
710 1279 874 1336 nullo
918 1281 1158 1356 negotio
1202 1281 1517 1356 intelliget,
1547 1280 1632 1336 ita
1660 1279 1978 1354 temperari

220 1373 481 1446 potuisse
509 1374 773 1432 Lucretii
804 1377 1080 1444 carmina,
1111 1377 1377 1451 quamvis
1413 1376 1682 1443 amentis,
1710 1375 1977 1449 quamvis

221 1466 496 1542 Epicurei
547 1478 608 1526 et
662 1470 927 1527 Deorum
979 1472 1245 1528 omnium
1297 1471 1738 1545 contemptoriS,
1785 1477 1854 1526 ut
1906 1490 1976 1527 ea

218 1583 335 1620 non
383 1567 554 1623 venia
606 1568 796 1635 modo,
844 1586 1049 1623 verum
1102 1569 1282 1624 etiam
1330 1568 1426 1642 pio
1472 1566 1728 1641 quodam
1774 1585 1974 1623 amore

216 1669 708 1733 prosequerentur
735 1663 874 1719 boni
905 1669 1083 1738 atque
1113 1662 1268 1738 frugi
1308 1661 1611 1729 homines;
1655 1660 1838 1717 immo
1869 1648 1971 1717 illo

216 1755 378 1829 quasi
408 1757 762 1831 praecinente
790 1759 998 1816 modos
1029 1759 1342 1826 discerent,
1373 1757 1587 1832 quibus
1618 1757 1842 1831 optime
1869 1775 1972 1832 pa-

214 1858 483 1909 rarentur
523 1860 764 1928 pectora
806 1856 881 1912 ad
918 1856 1095 1912 verba
1130 1872 1524 1928 numerosque
1555 1872 1691 1910 vere
1722 1854 1968 1911 divinos.

214 1942 286 2000 Id
338 1964 453 2019 qua
509 1948 881 2021 potissimum
939 1950 1167 2006 ratione
1226 1949 1451 2006 factum
1510 1948 1605 2017 sit,
1664 1947 1824 2015 aliaS,
1879 1950 1969 2006 uti

210 2046 432 2115 potero,
465 2043 762 2100 disseram.
850 2044 948 2101 Sic
990 2046 1147 2101 enim
1193 2045 1494 2120 aptissime
1537 2042 1968 2102 concludentur

212 2135 565 2196 Lucretiana
594 2146 812 2208 nostra,
844 2140 1107 2217 longiore
1124 2141 1254 2214 jam
1284 2140 1384 2197 filo
1415 2140 1689 2197 deducta.
