2288 4036
257 199 364 252 724
381 197 578 250 AEmae
583 215 807 269 persona
810 197 1020 267 partim
1022 196 1256 266 friyida‚
1256 197 1462 267 partim
1479 196 1679 250 odiosa.-
1698 214 2054 250 PRAEL.xxxvr.

256 345 528 402 dicturus
568 345 651 402 sit
699 352 804 401 aut
853 350 1133 402 acturus:
1198 351 1268 401 ut
1316 345 1623 401 interdum
1669 362 1838 420 paene
1878 345 1941 400 in
1987 364 2058 402 ea

255 444 368 502 sim
401 445 720 510 sententia,
753 442 903 500 nihil
934 443 1262 500 admodum
1294 444 1588 520 cogitasse
1618 441 1949 521 Virgilium
1979 443 2057 500 ‘de

254 542 463 600 AEneae
507 542 598 599 sui
643 541 912 599 moribus
957 549 1020 598 et
1064 540 1303 609 indole3
1354 549 1596 600 tantum
1643 549 1852 599 extare
1889 542 2059 599 volu—

253 642 370 699 isse
390 642 558 718 quasi
590 640 865 698 umbram
900 641 1126 719 egregii
1159 641 1434 708 nominiS,
1466 642 1527 698 in
1559 661 1738 717 quam
1772 642 2056 700 caderent

255 759 344 808 ea,
372 760 516 816 quae
554 740 883 797 tradiderat
923 740 1338 816 antiquissima
1383 741 1672 798 memoria
1717 740 1792 797 de
1835 741 2058 799 Roma-

254 858 466 896 norum
527 841 591 896 et
642 824 825 896 Jullae
883 840 1082 916 gentis
1136 839 1483 917 originibus,
1573 840 1783 916 Atque
1836 841 2056 897 exinde

256 939 541 997 effectum
598 958 746 1007 esse,
801 947 871 996 ut
931 938 1218 1016 pleraque
1280 940 1508 998 diceret
1567 947 1894 1017 ageretque
1928 932 2059 999 Vir

254 1038 545 1114 Trojanus
605 1056 815 1094 eorum
885 1057 1072 1115 prope
1132 1039 1270 1103 ritu,
1332 1038 1435 1114 qui
1496 1045 1803 1115 susceptas
1869 1038 2055 1096 semel

255 1138 472 1212 partes,
506 1136 602 1194 vel
648 1137 710 1193 in
747 1136 1073 1214 republica,
1117 1136 1214 1194 vel
1251 1137 1314 1194 in
1363 1138 1480 1195 alio
1522 1138 1735 1214 quovis
1776 1144 1937 1195 coetu
1987 1157 2057 1195 ac

256 1237 487 1295 familia
530 1237 866 1303 hominum,
914 1243 1226 1313 utcunque
1266 1237 1379 1295 sibi
1426 1233 1681 1296 tuendas
1726 1257 1855 1295 esse
1903 1237 2058 1295 arbi-

257 1343 511 1394 trantur.
603 1335 778 1393 Nihil
813 1335 922 1393 tali
953 1337 1079 1393 viro
1112 1337 1486 1413 expedit-um,
1518 1336 1669 1394 nihil
1699 1328 1886 1413 plane
1909 1336 2058 1394 libe-

253 1454 406 1493 rum.
499 1434 702 1492 Nullae
743 1454 896 1493 vera?
933 1454 1094 1494 voces
1134 1434 1451 1511 ejiciuntur
1491 1433 1560 1492 ab
1597 1435 1716 1492 imo
1756 1436 1884 1511 ejus
1920 1451 2057 1513 pec·-

255 1539 394 1591 tore.
494 1533 669 1591 Sicut
727 1542 933 1592 autem
995 1535 1055 1591 in
1117 1534 1232 1592 hoc
1288 1534 1629 1593 communis
1688 1534 1834 1591 vitae
1896 1528 2059 1592 coni-

253 1632 479 1689 mercio
511 1651 722 1708 parum
756 1631 940 1709 lepidi
972 1640 1265 1709 putantur
1294 1633 1393 1690 isti
1424 1632 1715 1700 homines,
1741 1633 1825 1690 sic
1844 1632 2058 1691 AEneae

253 1730 443 1787 nostri
474 1749 731 1807 persona
761 1731 958 1809 friget,
993 1732 1221 1808 opinor,
1253 1730 1554 1807 plerisque
1584 1727 1947 1807 legentibus

343 1828 601 1898 Deinde,
634 1830 778 1906 quid
815 1831 863 1888 si
898 1831 1147 1899 docebo,
1195 1831 1393 1908 ipsum
1439 1828 1763 1906 aliquando
1809 1830 2061 1906 scripto-

253 1949 378 1987 rem
435 1930 596 1988 ultro
648 1931 928 2007 prosequi
981 1949 1179 2000 suum,
1223 1936 1294 1987 ut
1347 1930 1434 1986 ita
1479 1928 1693 1997 dicam,
1744 1924 2058 1987 alumnum

257 2029 502 2106 capitali
549 2030 741 2087 ferme
788 2050 966 2107 poena
1018 2037 1202 2106 atque
1256 2029 1440 2088 odio?
1524 2028 1719 2104 Atqui
1768 2048 1890 2086 non
1943 2028 2061 2086 alia

253 2129 496 2187 videtur
538 2148 669 2188 esse
713 2129 867 2187 ratio
914 2114 1131 2187 eorum‘
1171 2129 1443 2186 omnium
1475 2148 1613 2205 quae
1644 2129 1717 2186 ad
1754 2127 2058 2186 Didonem

252 2230 580 2306 pertinent.
674 2227 775 2286 Sic
807 2236 1189 2305 comparatus
1218 2237 1311 2286 est
1347 2227 1451 2285 ille
1493 2228 1678 2297 106118,
1710 2236 1781 2285 ut
1812 2229 2061 2306 indigna

250 2329 430 2405 plane
476 2347 569 2386 res
614 2335 678 2386 et
721 2325 897 2407 μιαρὰ
939 2347 1070 2386 6886
1101 2329 1426 2396 videretur,
1463 2326 1513 2385 si
1555 2327 1804 2403 impune
1849 2326 2059 2385 tulerit

251 2425 502 2486 AEneaS.
592 2427 886 2486 Consulto
917 2429 1124 2504 itaque
1162 2428 1308 2485 fecit
1338 2426 1646 2505 Virgilius,
1682 2433 1750 2483 ut
1791 2426 1854 2483 in
1897 2426 2062 2483 futu-

251 2545 384 2583 rum
429 2527 690 2584 hominis
735 2527 1069 2594 interitum,
1101 2527 1269 2603 quasi
1316 2526 1456 2584 laeto
1492 2526 1761 2604 auguriO,
1800 2526 2060 2603 erigeret

253 2625 579 2703 aliquando
609 2627 842 2684 animos
863 2635 908 2683 ¹¹.

1197 2708 1246 2753 Si
1267 2717 1453 2768 tangere
1475 2716 1636 2767 portus

496 2783 746 2828 Infandum
768 2790 920 2842 caput,
944 2790 987 2827 et
1008 2782 1140 2827 terris
1163 2782 1330 2827 adnare
1353 2797 1536 2827 necesse
1558 2790 1641 2834 est,

496 2858 556 2902 Et
578 2858 642 2902 sic
663 2857 756 2902 fata
776 2858 805 2902 J
810 2857 907 2903 ovis
930 2863 1143 2915 poscunt,
1165 2856 1240 2901 hic
1261 2857 1486 2901 terminus
1508 2856 1676 2908 haeret;

493 2932 556 2976 At
576 2931 696 2976 bello
719 2931 903 2976 audacis
925 2932 1082 2989 populi
1103 2938 1293 2976 vexatus
1315 2938 1359 2975 et
1380 2932 1534 2983 armis,

498 3005 687 3050 Finibus
710 3005 917 3057 extorris,
935 3005 1176 3063 complexu
1197 3005 1385 3049 avulsus
1410 3004 1513 3056 Iuli,

496 3078 735 3123 Auxilium
755 3079 981 3136 imploret,
1003 3078 1244 3138 videatque
1265 3077 1457 3136 indigna
1477 3093 1667 3123 suorum

497 3152 700 3205 Funera3
735 3167 819 3197 nec
841 3167 987 3212 quum
1009 3167 1057 3196 se
1075 3140 1166 3197 vsub
1188 3153 1311 3210 leges
1333 3152 1457 3209 pacis
1478 3151 1648 3211 iniquae

494 3224 766 3278 Tradiderit,
788 3241 932 3285 regno
954 3233 1034 3270 aut
1053 3233 1208 3284 optata
1227 3227 1329 3270 luce
1349 3225 1555 3278 fruatur3

497 3297 587 3342 Sed
610 3299 741 3343 cadat
762 3306 867 3343 ante
889 3299 1025 3352 diem,
1048 3299 1287 3359 mediaque
1306 3299 1574 3344 inhumatus
1597 3314 1746 3343 arena.

498 3371 614 3417 Haec
636 3388 821 3431 precor:
856 3373 975 3418 hanc
997 3388 1155 3418 vocem
1178 3381 1425 3418 extremam
1449 3388 1556 3418 cum
1579 3373 1803 3432 sanguine
1823 3371 1985 3417 fundo.
2058 3362 2061 3363 ⁷

256 3466 480 3529 Divina
523 3489 666 3529 sane
708 3490 844 3539 vox,
876 3479 946 3529 ut
977 3491 1109 3548 quae
1154 3472 1406 3549 prodeat
1446 3461 1523 3529 ex
1561 3491 1662 3529 ore
1711 3459 2058 3528 morituraei

902 3677 905 3680 .
975 3646 1002 3669 ¹¹
1024 3639 1139 3682 AEn.
1165 3654 1208 3693 4.
1234 3637 1337 3682 612.
