2288 4036
138 209 294 242 PRAEL.
316 207 444 242 xxv.
507 189 783 259 Exquisita
808 189 1045 259 quaedam
1071 190 1133 241 de
1162 189 1433 258 Coryphaez'
1456 206 1676 242 munere.
1780 192 1888 243 503

141 334 350 390 deinde
392 333 517 408 ipso
547 333 609 388 in
639 333 866 399 itinere,
907 332 1003 389 vel
1029 332 1240 389 melius
1270 332 1462 389 dicam
1493 332 1888 408 navigatione,

140 436 375 487 strenue
405 448 608 486 curare
637 447 901 504 pensum,
924 427 1233 484 Pindarica
1255 427 1534 485 videlicet
1564 434 1690 484 tam
1712 429 1891 485 verba

140 545 313 602 quam
352 543 641 581 numeros.
730 523 864 591 Qua
892 525 954 579 in
982 525 1229 581 materia
1264 523 1418 580 ludit
1455 523 1703 599 scriptOr
1745 524 1894 581 libe-

139 621 272 688 riUS,
302 626 370 676 ut
401 627 526 676 erat
556 638 683 675 mos
719 619 859 694 erS‚
889 621 1192 676 mentione
1221 618 1529 694 proverbii,
1562 638 1679 693 quo
1710 618 1890 695 vulgo

139 717 531 774 lacessebatur
575 734 833 772 crassum.
874 715 1223 772 Boeotorum
1261 714 1356 771 vel
1401 714 1616 771 caelum
1665 714 1759 771 vel
1806 716 1895 771 in-

140 812 413 889 genium:

369 940 527 999 γνῶναί
547 939 583 985 τ’
605 939 749 993 ἔπειτ’,
772 941 931 999 inquit,
954 940 1135 998 ἀρχαῖον
1155 939 1317 985 ὄνειδος
1336 939 1548 984 ἀλαθέσιν

370 1014 520 1070 λόγοις
540 1012 577 1055 εἷ
598 1011 830 1070 φεύγομεν,
851 1012 1053 1065 βοιωτιάν
1074 1011 1139 1055 ὗν.

140 1130 449 1205 DeincePS‚
489 1130 651 1187 velut
691 1129 960 1186 familiari
1003 1147 1291 1195 sermone,
1329 1128 1726 1204 Corypllaeum
1767 1128 1892 1185 Iau-

142 1228 284 1284 dans
313 1226 396 1282 ait
419 1244 432 1282 ε

374 1345 478 1389 ἐσσὶ
497 1345 582 1403 γὰρ
603 1345 790 1403 ἅγγελος
810 1343 952 1402 ὅρθος,

373 1415 568 1473 ἠϋκόμων
590 1417 784 1461 σκυτάλα
804 1419 992 1467 Μοισᾶν,
1009 1414 1169 1473 γλυκὺς
1190 1413 1348 1472 κρήτηρ
1370 1413 1684 1472 ἀγαφθέγκτων
1703 1413 1866 1458 ἀοιδᾶν.

143 1524 287 1581 Erat
330 1524 593 1599 profecto
634 1525 860 1581 curiosa
890 1523 1156 1589 felicitaS,
1189 1542 1306 1597 qua
1334 1518 1610 1587 σκυτάλην
1641 1522 1896 1597 appella-

142 1621 228 1676 vit
279 1627 579 1676 cantorem
633 1621 992 1695 primarium,
1035 1619 1199 1675 velut
1239 1619 1339 1693 qui
1386 1618 1724 1692 interpretis
1769 1618 1898 1673 vice

143 1717 502 1792 fungeretur,
533 1716 806 1790 solusque
850 1722 1047 1791 posset
1078 1714 1373 1789 explicare
1415 1714 1718 1770 literarum
1750 1732 1894 1787 quas

142 1812 266 1886 ipse
300 1818 562 1886 portaret
592 1813 887 1887 ambages.
976 1810 1070 1867 Ex
1102 1830 1216 1884 quo
1247 1809 1624 1885 intelligitur,
1655 1808 1895 1864 Pindari

133 1907 378 1981 judicic,
402 1907 724 1963 arctissime
754 1907 1030 1981 conjungi
1060 1906 1316 1961 musicos
1346 1905 1554 1961 modos
1582 1923 1716 1961 cum
1744 1904 1897 1979 stylo

145 2008 207 2058 et
235 2002 433 2058 indole
470 2011 814 2077 poetarum3
859 2003 1077 2076 quique
1107 2000 1238 2057 illos
1267 2000 1420 2057 bene
1451 1999 1681 2067 calleat,
1708 2000 1898 2056 teneri

145 2098 219 2154 ab
262 2117 332 2154 eo
377 2098 539 2172 quasi
585 2097 768 2165 filum,
814 2117 929 2171 quo
975 2097 1187 2171 saepius
1235 2097 1294 2152 in
1340 2115 1611 2154 arcanam
1657 2114 1892 2170 quoque

147 2195 439 2268 scriptoris
467 2201 731 2250 mentem
761 2194 1052 2268 perveniri
1082 2193 1282 2267 possit.
1357 2193 1532 2261 Quod
1563 2199 1765 2250 autem
1795 2211 1898 2268 ap-

146 2289 398 2364 pellatur
426 2289 500 2345 ab
530 2308 601 2346 eo
631 2290 788 2344 idem
820 2289 1187 2364 Coryphaeus*

556 2419 716 2478 γλύκυς
737 2419 895 2478 κρὴτηρ
917 2419 1230 2479 ἀγαφθέγκτων
1250 2419 1419 2472 ἀοιδᾶν,

150 2534 350 2608 quidni
386 2534 724 2608 judicemus
768 2554 838 2592 ea
877 2554 1021 2592 voce
1066 2535 1452 2592 demonstrari
1501 2534 1898 2591 felicissimam

129 2629 310 2686 illam
341 2631 460 2685 vim
491 2631 766 2705 exquisiti
799 2637 1022 2697 cantus,
1047 2649 1162 2704 qua
1191 2630 1383 2686 solent
1413 2630 1677 2697 excitari,
1702 2630 1900 2685 nescio

149 2726 460 2799 quomod0‚
486 2725 632 2782 alius
661 2733 794 2801 post
824 2726 1024 2793 alium,
1048 2727 1280 2802 cognati
1313 2726 1645 2782 animorum
1676 2733 1901 2792 motus;

151 2821 297 2876 adeo
347 2828 416 2875 ut
465 2820 539 2876 ab
589 2840 706 2877 una
756 2822 962 2896 saepius
1013 2840 1392 2877 numerorum
1446 2820 1703 2877 flexione
1755 2821 1901 2877 fiant

153 2915 316 2989 quasi
355 2915 618 2989 quaedam
667 2916 932 2982 divortia,
975 2917 1132 2972 vario
1178 2916 1407 2982 itinere,
1454 2934 1739 2972 novorum
1784 2935 1907 2972 car-

152 3010 419 3067 minum?
511 3010 657 3068 Jure
702 3012 883 3086 igitur
930 3012 1204 3068 cantandi
1251 3011 1351 3068 ille
1402 3012 1618 3068 artifex
1662 3020 1908 3069 vocatur

153 3107 356 3183 κρήτηρ
394 3103 596 3173 ἀοιδᾶν,
633 3105 911 3181 poculum
950 3105 1244 3173 videlicet,
1288 3107 1446 3162 unde
1493 3106 1676 3164 libare
1719 3108 1904 3181 possit

157 3199 363 3274 aliquis
405 3221 524 3258 non
567 3220 684 3258 uno
732 3203 834 3258 sed
877 3202 1143 3277 pluribus
1180 3203 1343 3276 quasi
1387 3200 1640 3259 Poeseos
1683 3202 1909 3259 rivulis,

158 3292 360 3371 Pergit
395 3298 607 3353 deinde
651 3317 787 3354 cum
826 3298 944 3354 suis
987 3297 1437 3355 comissantibus
1472 3305 1633 3355 trans
1664 3298 1901 3355 Ionium

159 3407 317 3446 mare
349 3390 568 3459 Poeta3
617 3391 1005 3468 Coryphaeum
1040 3392 1216 3467 jubet
1247 3392 1665 3468 Syracusarum
1696 3394 1910 3450 memi-
