2288 4036
276 252 432 285 PRAEL.
451 251 675 282 xxxvm.
712 232 1005 301 praesertim
1029 232 1087 282 in
1113 231 1307 282 ultimis
1334 231 1589 282 AEneidos
1615 230 1775 282 libris.
1926 233 2030 286 775

277 394 507 452 prorsus
551 377 851 451 ignotam:
898 376 1113 450 quippe
1151 394 1265 449 qua
1307 392 1545 430 necesse
1582 380 1671 429 est
1711 380 2029 440 transeant,

275 475 376 548 qui
424 473 615 528 Roma
661 471 957 546 Neapolin
1002 473 1115 527 iter
1159 472 1403 527 faciunt.
1496 469 1613 526 Sed
1659 470 1716 525 in
1765 471 2031 526 tristibus

275 576 339 625 et
369 570 678 625 inamoenis
710 567 851 625 locis
882 587 1062 624 unum
1099 568 1243 624 illud
1277 576 1678 623 commoverat
1710 567 1835 641 ejus
1866 586 2030 622 men-

278 672 399 721 tem
451 664 542 734 (ut
592 670 802 721 natura
859 683 1090 739 semper
1147 671 1273 720 erat
1332 662 1644 719 fluviorum
1704 664 2030 737 praesertim

277 762 736 834 amantissimus)
781 761 936 835 quod
984 759 1173 817 Ufens
1222 760 1321 815 ille
1365 759 1686 814 identidem
1735 777 1795 814 se
1841 766 2035 814 osten-

278 858 472 924 debat,
505 865 730 914 secreto
761 857 927 923 calle,
960 864 1242 931 tanquam
1272 855 1512 913 fallendi
1553 856 1865 911 studiosus.
1955 855 2037 911 Il-

278 952 390 1009 lius
434 954 632 1028 itaque
676 955 899 1009 nomini
945 954 1101 1010 ultro
1146 953 1418 1028 adjunxit
1467 952 1749 1008 indicium
1796 951 2032 1026 aliquod

279 1051 457 1106 animi
489 1070 605 1106 non
636 1050 810 1126 plane
841 1051 1236 1107 immemoris:
1275 1051 1455 1104 immo
1488 1067 1620 1104 cum
1656 1049 1780 1123 ejus
1810 1048 2033 1105 latendi

280 1147 554 1221 cupidine
585 1165 646 1202 se
677 1148 1110 1221 quodammodo
1142 1147 1360 1203 sentire
1391 1146 1695 1221 significat.

368 1241 575 1316 Atque
627 1262 702 1298 ex
753 1242 881 1309 hoc,
935 1250 1003 1298 ut
1055 1243 1276 1317 opinor,
1325 1241 1592 1307 efficitur,
1645 1240 1869 1296 ultimis
1920 1240 2034 1297 illis

279 1336 559 1394 AEneidos
603 1338 764 1394 libris
808 1340 1006 1395 nescio
1038 1340 1194 1413 quod
1240 1338 1376 1394 addi
1408 1337 1602 1403 decus,
1635 1344 1696 1392 et
1727 1336 2032 1393 mirificam

281 1453 395 1508 prae
436 1435 658 1492 caeteris
698 1435 1092 1502 dulcedinem,
1122 1441 1434 1510 propterea
1463 1434 1617 1508 quod
1654 1433 1717 1488 in
1747 1432 1816 1489 iis
1849 1451 2038 1489 versa-

281 1537 379 1586 tur
424 1531 614 1587 Poeta
659 1531 820 1598 10018,
864 1533 962 1607 qui
1009 1533 1210 1607 patriae
1252 1531 1578 1604 domusque
1620 1537 1681 1586 et
1724 1529 2038 1604 puerilium

280 1646 567 1683 annorum
593 1629 752 1684 omni
774 1630 832 1684 in
858 1628 1074 1704 angulo
1097 1628 1443 1684 memoriam
1468 1627 1819 1683 referebant.
1878 1626 2036 1682 Mihi

281 1724 566 1798 profect0‚
586 1726 789 1781 statim
820 1726 894 1781 ab
925 1725 1092 1781 initio
1125 1725 1278 1782 sexti
1302 1723 1396 1780 vel
1429 1730 1588 1781 certe
1620 1723 1856 1798 septimi
1887 1723 2038 1788 libri,

280 1821 495 1876 mutari
529 1822 804 1878 videntur
834 1822 1030 1878 onmia
1060 1823 1121 1877 in
1152 1820 1413 1877 tenerius
1443 1822 1710 1895 picturae,
1741 1827 1809 1876 ut
1840 1821 1924 1876 ita
1954 1820 2040 1875 di·-

284 1935 430 1984 cam,
475 1935 695 1993 genus3
741 1919 922 1975 immo
969 1919 1150 1975 etiam
1187 1918 1313 1993 ipsa
1350 1917 1610 1974 locorum
1654 1918 1906 1985 nomina,
1940 1918 2042 1992 qui

280 2013 429 2070 alius
458 2021 593 2089 post
623 2015 804 2072 alium
836 2015 1210 2091 appellantur
1230 2011 1261 2069 i.

519 2120 592 2164 Sic
612 2121 731 2165 fatur
750 2123 1014 2180 lacrymans,
1038 2122 1255 2180 classique
1276 2121 1474 2165 immittit
1495 2121 1691 2165 habenas

521 2194 578 2237 Et
598 2194 780 2238 tandem
803 2195 1013 2240 Euboicis
1038 2195 1284 2239 Cumarum
1306 2194 1512 2239 allabitur
1532 2194 1637 2238 oris.

285 2288 483 2346 Etiam
514 2289 661 2347 illud
680 2287 739 2348 k:

512 2390 584 2434 Tu
605 2406 780 2449 quoque
800 2392 1024 2435 littoribus
1048 2393 1226 2444 nostris,
1250 2393 1413 2437 AEneia
1434 2394 1600 2444 nutrix,

517 2462 751 2506 AEternam
771 2464 965 2507 moriens
986 2464 1165 2516 famam,
1190 2464 1354 2517 Caieta,
1374 2464 1555 2509 dedisti.

285 2551 503 2607 Nescio
544 2553 836 2626 equidem,
867 2573 941 2609 an
972 2554 1242 2628 quaedam
1282 2573 1378 2611 me
1419 2554 1671 2629 abripiat
1714 2552 2042 2610 dulcedinis

284 2669 402 2705 non
428 2669 576 2706 verae
605 2651 833 2726 imago:
873 2670 1075 2707 verum
1108 2651 1282 2707 simul
1313 2658 1492 2725 atque
1523 2650 1714 2707 solum
1740 2649 2038 2716 Italicum,

286 2753 544 2820 notaque
568 2745 783 2813 littora,
806 2748 1071 2823 tetigerit
1091 2746 1395 2823 Virgilius,
1417 2747 1606 2804 sentio
1636 2746 1882 2803 alacrius
1902 2765 2045 2820 quo-

284 2843 601 2899 dammodo
635 2845 852 2900 moveri
891 2843 1209 2911 hominem,
1241 2843 1407 2900 velut
1438 2844 1555 2919 qui,
1589 2842 1840 2900 fabulosi
1888 2842 2045 2900 illius

287 2937 486 2996 Antaei
528 2939 750 3006 similis,
781 2946 1089 2997 mutuatus
1127 2940 1203 2996 sit
1234 2940 1384 2996 vires
1414 2939 1489 2997 ab
1520 2940 1645 3014 ipso
1675 2940 1876 3014 patriae
1907 2958 2045 2995 con-

285 3042 468 3092 tactu.
557 3035 762 3110 Atque
808 3036 980 3110 hujus
1021 3037 1326 3093 suavitatis
1366 3037 1520 3111 apud
1563 3055 1699 3092 eum
1746 3042 1913 3092 tanta
1953 3043 2042 3092 est

287 3133 389 3198 vis,
422 3139 489 3188 ut
525 3134 834 3189 medeatur
875 3152 1088 3208 magna
1133 3151 1207 3188 ex
1253 3140 1419 3207 parte
1464 3133 1698 3189 fastidio
1742 3151 1913 3207 paene
1957 3133 2046 3187 in-

287 3228 569 3294 credibili,
601 3249 717 3303 quo
752 3229 1024 3304 prosequi
1061 3229 1212 3285 solet
1243 3230 1331 3284 vir
1360 3229 1804 3304 tranquillitatis
1844 3248 2044 3285 aman-

289 3324 547 3381 tissimus
566 3321 579 3358 ¹

1083 3404 1219 3454 Bella,
1241 3403 1422 3447 horrida
1441 3404 1569 3455 bella,

525 3476 582 3518 Et
602 3476 786 3534 Tybrim
808 3478 948 3520 multo
972 3484 1251 3532 spumantem
1275 3477 1505 3534 sanguine.

401 3592 549 3636 iAEn.
574 3593 623 3645 6.⁴
644 3608 679 3637 1.
994 3594 1017 3623 k
1042 3594 1151 3636 [bid.
1183 3604 1221 3651 7.
1252 3609 1287 3636 1.
1609 3592 1755 3635 1Ibid.
1788 3591 1829 3634 6.
1853 3591 1924 3634 86.
