2288 4036
222 183 330 238 788
417 186 685 241 Ominibus
697 189 974 259 praeterita
1001 190 1249 260 respicere
1277 191 1555 263 Viryilium
1577 217 1592 246 .-
1639 214 1797 248 PRAEL.
1818 217 2012 250 xxxm.

303 332 522 411 Itaque
562 337 675 394 etsi
708 337 927 394 versari
960 337 1237 396 videatur
1283 341 1632 400 universum
1669 362 1912 403 carmen
1951 347 2014 403 in

215 450 321 508 spe
360 433 567 504 futuri,
600 435 742 511 poni
787 442 994 493 tamen
1042 437 1287 496 cernitis
1331 441 1693 517 praecipuam
1725 442 1852 518 ejus
1884 442 2016 501 dul-

214 531 490 590 cedinem
535 533 599 589 in
643 534 969 592 tenerrimo
1021 537 1409 612 pristinarum
1456 557 1655 597 rerum
1698 541 2011 600 desiderio,

215 629 436 700 TaceO,
468 631 515 689 si
547 632 687 709 quid
723 633 983 691 divinius
1018 653 1088 692 ac
1121 636 1385 696 sanctius
1418 636 1602 714 (quod
1636 640 1815 698 credo
1847 642 2015 717 equi-

211 729 376 806 dem)
409 730 682 789 adhaeret
712 732 842 790 istis
873 734 1170 810 auguriis:
1219 735 1390 811 cujus
1421 755 1492 794 ea
1523 745 1688 796 certe
1720 738 1807 797 vis
1838 739 2011 806 foret,

209 835 279 885 ut
311 829 564 888 obscuro
597 831 854 907 quodam
903 833 1282 909 antiquitatis
1319 853 1529 912 sapore
1561 838 2013 895 commendaret

209 945 339 984 sese
385 929 611 985 vetusti
658 931 946 1006 temporis
986 931 1258 999 amatori,
1291 933 1562 1008 quamvis
1611 932 2009 992 Hebraeorum

208 1026 451 1084 oracula
479 1029 789 1086 nescienti.

294 1124 534 1186 Deinde
565 1129 726 1205 quod
759 1129 1060 1188 ominibus
1091 1138 1154 1188 et
1186 1131 1483 1189 vaticiniis
1529 1131 1781 1190 mirifice
1813 1131 2013 1190 delec-

206 1224 320 1281 tari
366 1225 536 1283 aiunt
556 1225 905 1305 Virgilium,
937 1228 1432 1287 animadvertatis
1464 1227 1664 1296 velim,
1699 1249 1817 1305 quo
1857 1228 2011 1286 refe—

205 1330 373 1381 ratur
402 1326 562 1402 apud
594 1346 732 1384 eum
768 1347 948 1385 omne
978 1327 1040 1384 id
1075 1347 1284 1405 genus.
1378 1327 1553 1386 Nihil
1593 1327 1757 1386 aliud
1798 1328 2010 1406 praedi-

205 1430 351 1481 cunt
394 1423 678 1484 videlicet
714 1425 1032 1496 AnchiseS,
1068 1426 1315 1505 Sibylla,
1360 1429 1579 1498 caeteri,
1613 1447 1792 1505 quam
1833 1436 1865 1459 ‘⁶
1887 1427 2011 1486 Ro-

202 1542 415 1582 manos
471 1544 672 1583 rerum
726 1527 1018 1594 dominos,
1071 1535 1442 1605 gentemque
1496 1535 1769 1605 togatam
1795 1527 1843 1586 :'’
1906 1546 2012 1586 ex-

203 1624 395 1700 ceptis
439 1631 648 1682 autem
681 1625 1032 1695 Caesaribus,
1065 1626 1105 1685 J
1109 1627 1233 1685 ulio
1265 1636 1327 1685 et
1359 1626 1665 1705 AugustO,
1699 1628 1901 1686 nescio
1933 1647 2010 1685 an

201 1723 509 1781 neminem
534 1724 759 1783 eximie
783 1724 1148 1794 collaudent,
1175 1734 1397 1803 praeter
1419 1746 1540 1796 θος,
1561 1727 1662 1803 qui
1687 1726 2009 1804 Scriptoris

200 1822 387 1899 ipsius
436 1831 712 1901 tempore
762 1825 1098 1901 pervetusti
1152 1824 1551 1883 habebantur.
1658 1824 1868 1885 Unum
1920 1833 2010 1884 at-

200 1942 318 1999 que
349 1923 609 1982 alterum
646 1923 1053 1982 recentiorum
1101 1925 1347 1983 nomine
1378 1932 1557 1984 tenus
1587 1925 1871 2003 appellat,
1903 1926 2008 1984 sed

200 2042 339 2081 cum
372 2043 577 2082 amore
617 2031 680 2082 et
719 2025 919 2083 studio
966 2031 1238 2082 moratur
1277 2024 1340 2082 in
1382 2044 1593 2103 regum
1625 2025 2007 2084 Albanorum

200 2124 369 2192 serie,
415 2124 477 2181 in
526 2123 805 2183 Romulis
851 2132 914 2182 et
959 2123 1315 2200 TarquiniiS,
1361 2125 1740 2202 caeterisque,
1780 2125 1883 2202 qui
1931 2124 2007 2183 ad

198 2223 542 2282 fabulosum
573 2243 743 2301 paene
775 2223 1059 2282 saeculum
1092 2225 1418 2300 pertinent.
1505 2225 1602 2283 Ita
1633 2226 1862 2283 factum
1895 2231 2006 2293 est,

196 2330 268 2381 ut
312 2324 375 2380 in
421 2324 550 2401 ipsa
587 2324 1019 2382 vaticinatione
1066 2324 1352 2400 praeteriti
1403 2326 1690 2402 temporis
1736 2325 2005 2383 studium

197 2422 610 2481 declaraverit.

283 2523 488 2593 Quare
539 2522 691 2582 illud
746 2524 991 2600 quidem
1044 2523 1236 2581 fixum
1291 2525 1612 2600 ratumque
1665 2531 1814 2592 est0,
1862 2523 2004 2583 Vir-

194 2621 479 2700 gilianam
530 2620 751 2681 Poesin
797 2621 1093 2680 desiderio
1142 2641 1380 2699 semper
1426 2623 1693 2681 revocari
1747 2622 1810 2679 in
1857 2622 2006 2699 pris-

194 2721 308 2778 tini
356 2722 570 2780 mundi
615 2723 991 2791 memoriam,
1034 2728 1218 2798 atque
1264 2722 1326 2779 in
1374 2721 1512 2780 vitae
1558 2722 1750 2780 initia.
1839 2721 2002 2790 Jam,

195 2821 338 2897 quid
370 2821 431 2878 in
465 2820 557 2879 his
594 2840 917 2879 commune
950 2821 1026 2878 sit
1058 2840 1199 2878 cum
1232 2819 1562 2879 Platonicis
1608 2820 2002 2890 sermonibUS,

195 2939 515 2997 exponam.
614 2920 901 2979 Diximus
954 2920 1257 2989 nimirum,
1313 2921 1673 2979 severiorem
1728 2920 2001 2979 Lucretii

195 3019 445 3079 Musam
478 3022 646 3098 quasi
679 3021 946 3098 proprias
979 3021 1091 3079 sibi
1123 3021 1448 3097 expetiisse
1481 3020 1745 3089 deliciaS‚
1777 3021 1823 3078 si
1857 3020 2002 3097 quid

192 3120 380 3179 habet
420 3119 662 3179 Natura
697 3122 914 3190 arcani,
950 3119 1204 3189 obscuri,
1246 3120 1485 3178 infiniti.
1577 3119 1763 3177 Nunc
1795 3119 2004 3177 viden-

195 3219 358 3288 dum,
406 3238 482 3277 an
521 3218 862 3299 Virgiliana
902 3239 1143 3297 quoque
1180 3239 1288 3277 suo
1325 3219 1577 3277 minime
1614 3225 1858 3278 careant
1902 3243 2004 3286 μυ-

193 3317 428 3398 στηρίῳ.
528 3318 776 3377 Etenim
822 3321 924 3396 qui
973 3318 1121 3377 velit
1175 3319 1411 3377 acutius
1463 3318 1749 3397 indagare
1795 3335 2003 3376 causas

191 3437 507 3496 propensae
560 3418 623 3475 in
675 3419 926 3497 antiqua
988 3417 1212 3476 saecula
1264 3417 1614 3488 voluntatis,
1660 3418 1884 3475 mirum
1938 3415 2002 3473 ni

193 3519 540 3595 conjectura
591 3517 819 3576 incidat
879 3517 1202 3596 aliquando
1255 3518 1318 3575 in
1373 3525 1788 3575 commentum
1849 3515 2000 3574 illud

194 3616 570 3696 Pythagorae,
604 3617 893 3685 docentis,
937 3617 1274 3676 animarum
1314 3623 1653 3675 nostrarum
1699 3634 1820 3673 non
1866 3620 1999 3672 tum
