2288 4036
283 192 391 246 732
626 191 875 263 Viryilius
902 190 1082 244 bellum
1107 209 1156 243 se
1182 191 1341 244 odisse
1366 191 1626 265 siynvficat
1645 215 1660 244 .·
1710 212 1872 248 PRAEL.
1890 214 2098 246 xxxvrz-

523 337 710 388 AEneas,
733 336 903 381 nubem
925 336 1046 388 belli,
1071 335 1184 381 dum
1207 336 1405 390 detonet,
1429 353 1610 382 omnem

526 410 745 455 Sustinet.

283 512 400 572 Per
451 514 582 571 haeo
637 520 699 570 et
752 521 968 571 caetera
1012 513 1072 569 id
1126 532 1333 590 genUS,
1382 513 1590 571 intulit
1635 515 2080 591 quodammodo

282 612 581 690 Georgica
626 631 732 669 sua
780 610 1156 669 Mantuanus
1205 609 1419 669 Pastor
1462 614 1525 669 in
1569 614 1833 671 mediam
1878 613 2083 671 AEnei-

280 711 439 768 dem.

368 810 604 868 Verum
651 810 784 878 hoe,
816 816 886 866 ut
932 809 1224 877 dicebam,
1257 828 1395 867 cum
1442 809 1713 867 Homero
1760 829 2083 867 commune

280 909 485 967 habet.
578 908 740 966 Illud
788 909 846 965 in
884 907 1144 985 'Virgilio
1192 909 1587 985 praecipuum,
1619 910 1779 985 quod
1824 929 1946 966 non
1991 929 2084 967 so-

281 1007 403 1064 lum
440 1017 831 1085 agrestes-res
863 1007 1077 1064 absens
1115 1026 1319 1064 amore
1351 1025 1419 1064 ae
1451 1006 1746 1064 desiderio
1776 1008 2084 1083 prosequi-

280 1114 401 1178 tur,
435 1126 643 1164 verum
693 1107 879 1164 etiam
924 1105 1192 1171 bellicaS,
1227 1114 1298 1163 ut
1337 1105 1439 1182 qui
1486 1106 1768 1174 maxime,
1813 1106 2082 1164 fastidire

281 1225 344 1263 se
376 1206 672 1283 significat
701 1213 884 1282 atque
910 1205 1138 1263 odisse:
1178 1205 1364 1262 tacite
1395 1203 1498 1261 ille
1521 1204 1766 1280 quidem
1799 1211 1862 1262 et
1893 1204 2084 1263 laten-

281 1315 390 1373 ter,
423 1305 526 1363 sed
559 1304 858 1382 significat
901 1311 1124 1362 tamen.
1217 1302 1443 1361 Nonne
1479 1303 1542 1359 in
1584 1303 1891 1360 narrandis
1933 1324 2085 1380 prae-

279 1403 374 1461 liis
406 1403 614 1461 sedulo
653 1403 711 1459 id
754 1403 898 1480 agit,
936 1409 1002 1460 ut
1034 1402 1406 1480 singulorum
1453 1402 1842 1460 morientium
1882 1403 2083 1461 exitus

280 1503 501 1561 efficiat
526 1522 703 1579 quam
740 1502 1005 1560 maxime
1036 1502 1223 1579 possit
1253 1501 1665 1560 miserabiles?
1703 1522 1779 1560 ne
1811 1501 1976 1560 loeus
2007 1503 2083 1561 sit

280 1603 735 1682 indignantibus
780 1610 885 1661 aut
930 1603 1116 1672 iratiS,
1149 1603 1295 1680 quin
1325 1604 1387 1660 in
1418 1603 1887 1680 uniuscujusque
1929 1600 2084 1659 cala-

279 1705 497 1761 mitate
530 1703 884 1760 miserorum
919 1701 1268 1760 mortalium
1294 1710 1535 1770 sortem,
1561 1707 1745 1778 atque
1768 1701 1920 1760 adeo
1949 1721 2085 1759 nos-

280 1811 434 1862 tram
484 1803 752 1880 ipsorum
797 1801 1148 1860 defleamus.
1247 1800 1350 1860 Ne
1394 1802 1457 1859 in
1490 1802 1804 1860 Mezentio
1836 1800 2081 1878 quidem

281 1905 523 1962 devicto
582 1901 962 1978 triumphant
1022 1920 1219 1977 neque
1278 1901 1588 1959 exsultant
1641 1902 1770 1979 ejus
1827 1895 2082 1969 numeri,

280 2002 693 2061 crudelissimo
754 2001 915 2069 lieet,
970 2008 1034 2059 et
1087 2008 1509 2078 contemptore
1563 2000 1831 2059 Divum:
1893 2001 2083 2057 immo

279 2102 490 2160 multis
534 2101 698 2178 prius
728 2099 1005 2158 consulto
1038 2100 1265 2158 fecerat
1298 2099 1508 2168 Poeta,
1539 2107 1609 2157 ut
1639 2100 1924 2158 acerbum
1956 2099 2083 2176 ejus

281 2192 518 2259 ferociae
559 2219 800 2258 sensum
833 2199 1090 2269 leniret;
1133 2200 1353 2276 partim
1399 2199 1740 2257 tenerrimis
1784 2198 1919 2266 illis,
1951 2217 2093 2275 quae«

280 2303 356 2360 ad
404 2301 672 2359 Lausum
713 2300 1056 2377 pertinent3
1111 2300 1350 2377 partim,
1396 2299 1557 2376 quod
1599 2298 1894 2357 scelerum
1941 2296 2081 2356 eum

281 2402 575 2479 poenitere
607 2399 952 2477 significetY
973 2419 987 2456 :

524 2516 655 2561 Idem
676 2530 776 2574 ego,
799 2522 917 2569 nate,
940 2523 1074 2560 tuum
1095 2516 1319 2561 maculavi
1341 2516 1527 2561 crimine
1548 2531 1731 2570 nomen,

521 2590 690 2635 Pulsus
713 2590 772 2635 ob
795 2589 1014 2635 invidiam
1036 2591 1149 2635 solio
1172 2591 1451 2651 sceptrisque
1470 2591 1696 2649 paternis:

523 2665 785 2710 Debueram
806 2665 962 2723 patriae
983 2680 1142 2724 poenas
1164 2664 1371 2725 odiisque
1392 2680 1630 2719 meoru1n3

523 2740 700 2786 Omnes
719 2755 801 2799 per
821 2747 991 2785 mortes
1013 2739 1212 2784 animam
1234 2746 1414 2785 sontem
1434 2740 1530 2798 ipse
1553 2738 1805 2785 dedissem!

366 2845 702 2915 Accedant,
735 2846 953 2923 quibus
984 2865 1206 2923 equum
1241 2845 1570 2923 alloquitur
1600 2853 1958 2908 moerentem
1980 2856 2035 2905 z:

524 2963 715 3015 Rhoebe,
739 2962 833 3015 diu,
856 2977 928 3007 res
951 2962 1080 3021 siqua
1103 2961 1184 3006 diu
1203 2962 1474 3007 mortalibus
1495 2963 1590 3007 ulla
1609 2970 1692 3016 est,
1756 2979 1758 2982 ·

522 3037 736 3083 Viximus
756 3054 766 3081 z
801 3044 879 3081 aut
900 3035 1037 3081 hodie
1057 3036 1202 3081 victor
1224 3037 1368 3095 spolia
1387 3037 1464 3082 ina
1487 3045 1674 3082 cruenta

524 3111 584 3156 Et
605 3119 741 3169 caput
762 3111 924 3156 AEneae
945 3110 1124 3163 refereS‚
1148 3110 1378 3170 Lausique
1400 3110 1611 3156 dolorum

523 3185 661 3230 Ultor
681 3185 769 3229 eris
791 3199 972 3230 mecum
993 3201 1002 3228 :
1037 3191 1130 3237 aut,
1153 3185 1296 3243 aperit
1317 3185 1354 3229 si
1377 3187 1502 3230 nulla
1523 3186 1643 3231 viam
1664 3187 1747 3239 vis,

522 3258 782 3304 Occumbes
804 3258 983 3317 pariter.
1049 3258 1210 3318 Neque
1232 3260 1369 3312 enim,
1391 3260 1651 3314 fortissime,
1675 3261 1823 3314 credo,

518 3331 547 3377 J
553 3347 660 3376 ussa
680 3332 823 3377 aliena
843 3331 937 3390 pati
958 3339 1002 3376 et
1023 3331 1234 3377 dominos
1258 3332 1502 3392 dignabere
1522 3333 1738 3379 Teucros.

521 3405 661 3458 Dixit,
684 3412 729 3450 et
750 3412 964 3463 exceptus
987 3413 1114 3464 tergo
1138 3413 1355 3452 consueta
1374 3406 1538 3451 locavit

518 3480 744 3525 Membra.

333 3637 335 3639 >
396 3618 421 3649 Y
443 3612 556 3655 AEn.
587 3624 655 3655 10.
679 3611 783 3668 851.
1427 3621 1446 3644 2
1470 3613 1582 3657 Ibid.
1608 3612 1710 3657 861.
