2288 4036
183 311 338 345 PRAEL.
360 310 508 342 xxm.
570 305 824 342 servorum
851 287 1067 340 indolem
1094 286 1300 339 libenter
1323 287 1608 355 (morionem.
1829 288 1936 342 595

191 435 489 493 Nimirum
520 432 745 490 facilius
775 432 1009 489 videtur
1039 431 1350 507 Euripides
1391 450 1509 487 non
1546 436 1779 487 tantum
1825 449 1942 497 ore,

187 531 342 606 quod
372 536 602 595 vocant,
632 528 901 594 rotundo,
935 546 1137 584 verum
1179 527 1361 583 etiam
1407 525 1694 582 diviniore
1738 531 1943 581 mente

188 627 454 692 caruisse,
483 642 662 698 quam
705 629 1009 699 pateretur
1038 623 1359 697 quidquam
1396 620 1660 679 deminui
1692 621 1765 677 de
1806 622 1945 677 sim—

189 722 339 798 plice
378 720 479 777 illa
521 727 583 776 et
627 719 786 776 nuda
824 737 1018 775 rerum
1060 720 1343 775 veritate:
1393 718 1541 774 adeo
1580 723 1650 773 ut
1695 716 1770 773 de
1813 715 1944 771 uni-

190 839 354 877 versa
395 819 520 893 ejus
564 817 724 892 poesi
769 836 887 873 non
930 816 1085 873 male
1131 816 1376 873 fortasse
1420 816 1580 872 dicat
1623 814 1850 888 aliquis,
1881 813 1940 869 id

190 916 345 991 quod
388 914 462 971 ab
500 914 626 989 ipso
665 920 1014 970 excusatum
1054 912 1232 969 fuisse
1267 913 1433 968 aiunt
1464 912 1538 969 de
1568 911 1942 967 foeminarum

190 1029 332 1087 quas
371 1011 432 1066 in
475 1027 710 1066 scenam
755 1008 980 1065 miserit
1020 1008 1251 1064 indole:
1298 1026 1379 1073 se,
1410 1007 1613 1082 quales
1650 1011 1847 1063 essent
1879 1023 1941 1060 re

160 1107 257 1165 'ac
287 1107 552 1173 veritate,
591 1104 887 1180 posuisse3
933 1102 1308 1179 Sophoclem,
1344 1102 1550 1177 quales
1594 1119 1721 1157 esse
1765 1099 1944 1156 debe-

188 1209 336 1260 rent.

273 1297 454 1355 Porro
483 1297 555 1354 ad
587 1297 835 1354 eandem
865 1294 1028 1353 illam
1059 1294 1325 1374 ἀφελείαν
1357 1294 1678 1370 pertinebit
1710 1292 1943 1367 Euripi-

191 1396 278 1452 dis
326 1395 510 1451 nostri
561 1412 717 1460 cura,
762 1411 941 1467 quam
994 1391 1273 1448 eximiam
1325 1390 1540 1465 saepius
1590 1395 1829 1464 praestat
1881 1389 1943 1444 in

189 1491 258 1548 iis
300 1489 731 1556 adumbrandis,
762 1489 974 1563 quibus
1013 1486 1384 1562 potissimum
1427 1485 1767 1542 continetur
1800 1503 1944 1559 pau-

190 1602 412 1662 perum,
443 1584 818 1651 famulorum,
854 1584 1037 1639 immo
1077 1598 1380 1642 servorum
1425 1581 1707 1637 conditi0.
1798 1578 1943 1635 Non

188 1684 314 1740 sine
343 1681 649 1756 voluptate
674 1680 933 1755 quadam
977 1678 1308 1754 significare
1345 1676 1516 1744 solet,
1547 1695 1611 1733 se
1651 1695 1788 1732 cum
1828 1676 1942 1732 isto

186 1797 401 1855 genere
437 1778 721 1852 majorem
763 1775 824 1832 in
866 1775 1111 1832 modum
1157 1773 1376 1831 sentire
1418 1791 1604 1849 posse.
1694 1770 1943 1829 Famula

186 1874 460 1932 videlicet
507 1871 969 1938 Andromaches,
1020 1870 1333 1936 attendite,
1380 1868 1639 1935 obsecrO,
1679 1886 1797 1943 quo
1841 1867 1942 1923 de-

187 1989 350 2028 mum
376 1972 576 2028 animo
605 1975 845 2045 propter
867 1986 996 2024 eam
1028 1965 1357 2042 periculum
1388 1965 1579 2021 adeat.
1639 1964 1942 2021 Renuerat

186 2068 394 2143 primO,
420 2065 617 2125 servili
647 2064 821 2141 plane
850 2083 956 2121 usa
984 2063 1212 2120 ratione
1231 2070 1285 2118 r:

477 2180 678 2225 κίνδυνος·
708 2178 910 2237 Ἐρμιόνη
930 2178 1014 2237 γὰρ
1036 2178 1085 2221 οὗ
1107 2176 1268 2233 σμικρὰ
1288 2174 1454 2233 φύλαξ.

186 2284 489 2343 Admovet
519 2283 731 2340 deinde
760 2280 1029 2339 stimulos
1060 2277 1511 2336 Andromache:

478 2400 595 2456 ὁρᾷς·
628 2397 819 2453 ᾶπαυδᾷς
840 2395 885 2440 ἐν
906 2396 1048 2440 κακοῖς
1067 2393 1251 2452 φίλοι-σι
1269 2394 1394 2443 cois-3

186 2494 338 2551 Tum
370 2493 610 2550 demum
639 2491 758 2559 illa,
787 2491 1043 2567 ingenue
1073 2506 1340 2563 prorsus:

479 2608 531 2651 οὗ
552 2607 670 2663 δῆτα’
701 2604 834 2662 μηδὲν
854 2601 965 2648 τοῦτ’
988 2601 1203 2657 duabsu-ns·
1223 2599 1332 2657 ἐμοῖ.

191 2708 287 2765 Ita
328 2715 546 2773 tamen,
581 2714 651 2763 ut
694 2703 962 2779 nonnihil
1005 2702 1202 2768 addat,
1231 2700 1391 2775 quod
1436 2699 1706 2757 servilem
1750 2700 1940 2775 sapiat

189 2804 480 2861 indolem:

480 2902 579 2947 ἀλλ’
601 2900 698 2960 εἶμ’,
719 2901 813 2946 ἐπεί
832 2918 898 2945 τοι
919 2901 995 2944 κού
1016 2899 1304 2956 περίβλεπτος
1323 2897 1421 2950 βίος

482 2976 640 3032 δουλῆς
658 2974 871 3033 γυναικὸς,
893 2974 944 3029 ἥν
964 2990 1005 3016 τι
1027 2971 1095 3015 καὶ
1115 2970 1238 3016 πάθω
1260 2971 1402 3014 κακόν.

194 3077 408 3153 Ecquis
445 3085 712 3135 nostrum
755 3094 874 3132 non
913 3073 1098 3131 semel
1143 3073 1477 3147 iterum-que
1520 3063 1765 3136 audivit,
1803 3083 1939 3126 cum

164 3160 172 3163 ¹*
193 3173 339 3231 tales
383 3175 537 3231 inter
579 3192 642 3230 se
686 3170 952 3248 querelas
992 3170 1290 3244 jactarent
1338 3167 1543 3241 inopes
1587 3172 1649 3223 et
1691 3165 1941 3240 inquieti

192 3268 456 3326 homines
477 3270 498 3327 2

277 3363 450 3431 Quid,
482 3383 609 3439 quae
640 3363 779 3421 satis
808 3362 1089 3439 audacter
1118 3356 1443 3417 efferuntur
1469 3378 1505 3415 a
1531 3354 1744 3415 Thesei
1773 3376 1940 3414 servo

195 3458 267 3514 de
300 3458 629 3536 Hippolyto
670 3456 1001 3515 moriente?
1045 3475 1242 3513 nonne
1286 3462 1348 3512 et
1390 3455 1729 3512 libertatem
1760 3472 1941 3527 quan-

930 3624 950 3647 r
980 3616 1095 3660 And.
1118 3615 1190 3659 86.

971 3707 1015 3754 Q
1046 3710 1079 3765 q
1117 3696 1152 3746 2
