2288 4036
315 165 426 215 528
542 165 654 216 Gur
664 163 843 235 facile
853 164 1012 234 ferat
1045 165 1403 218 Thebanorum
1431 168 1723 233 Μηδισμόυ.
1781 186 1945 221 PRAEL.
1969 188 2120 222 xxv1.

316 309 584 368 Salamin
641 310 872 368 scilicet
925 329 995 367 ac
1043 308 1306 367 Plataeas
1358 330 1480 367 non
1532 311 1716 387 aequis
1768 312 2121 370 intuebatur

312 409 517 482 oculiS,
550 410 652 485 qui
683 428 810 466 rem
844 427 1148 484 quamque
1195 428 1476 486 magnam
1521 429 1590 466 ac
1630 410 2005 486 splendidam
2039 432 2116 469 ex

313 527 516 565 earum
553 527 890 584 pugnarum
924 506 1172 565 modulo
1206 507 1654 583 dijudicandam
1685 509 1968 585 putaret?

406 604 496 662 At
551 605 715 662 enim
772 625 969 681 neque
1022 606 1171 664 istos
1223 625 1492 681 unquam
1546 608 1709 664 canit
1758 607 2116 684 triumphos,

311 723 462 780 quos
494 703 600 760 tali
633 714 908 780 tempore
941 711 1230 780 expectes
1268 705 1344 761 ab
1376 724 1448 761 eo
1481 706 1790 781 scriptore,
1823 706 1920 763 cui
1951 726 2119 785 mag-

311 821 536 879 nopere
599 803 677 859 sit
731 802 894 860 cordi
952 804 1292 860 communis
1347 803 1600 860 Graeciae
1654 803 1852 872 salus3
1918 824 2117 882 neque

310 920 503 976 porr0,
547 899 609 956 id
650 900 809 975 quod
863 902 1054 978 magis
1095 901 1331 969 mirere,
1372 892 1636 977 erumpit
1688 901 2010 979 aliquando
2055 905 2114 961 in

308 1000 557 1057 acerbos
588 1006 856 1075 questus,
889 1008 1179 1076 tanquam
1223 1001 1471 1078 indigna
1516 1020 1608 1058 res
1654 1002 1732 1058 sit
1774 1021 1843 1059 ac
1882 1002 2114 1070 misera,

310 1099 652 1157 Thebarum
703 1119 945 1181 causam
977 1120 1013 1157 a
1044 1099 1301 1158 Graeciae
1345 1119 1525 1158 causa
1572 1101 1824 1178 sejungi,
1857 1121 2116 1178 suosque

308 1197 627 1274 populares
680 1217 819 1255 cum
875 1199 1143 1275 tyrannis
1192 1206 1255 1256 et
1303 1198 1584 1256 Barbaris
1634 1200 1875 1257 sentire.
1969 1199 2114 1257 Non

307 1298 468 1374 apud
494 1317 653 1366 eum,
686 1298 846 1374 quod
883 1298 1141 1376 legimus
1174 1298 1249 1355 de
1281 1296 1512 1365 Alcaeo,

733 1422 920 1479 Pugnas
943 1429 987 1466 et
1009 1428 1190 1466 exactos
1213 1428 1433 1480 tyrannos

795 1497 1007 1541 Densum
1028 1496 1233 1540 humeris
1255 1496 1372 1540 bibit
1393 1511 1500 1540 aure
1522 1497 1708 1555 vulgus.

396 1608 579 1667 Esto:
636 1628 844 1666 verum
890 1609 1008 1665 ista
1052 1627 1434 1685 nequaquam
1469 1608 1643 1681 (mihi
1685 1608 1940 1685 credite)
1973 1628 2111 1666 cum

306 1708 525 1766 nostris
565 1717 858 1786 pugnant.
951 1707 1291 1765 Pertinebit
1323 1708 1546 1784 quippe
1577 1708 1654 1765 ad
1688 1706 1932 1765 Pindari
1961 1706 2111 1776 ἦθος,

303 1807 493 1864 hilare
525 1806 677 1864 illud
709 1827 779 1865 ac
812 1807 1117 1874 festivum,
1150 1813 1220 1863 ut
1249 1806 1418 1864 nulla
1449 1826 1714 1882 unquam
1755 1825 1820 1863 re
1865 1825 2114 1884 magno-

302 1925 446 1982 pere
499 1925 562 1964 se
612 1907 860 1973 cruciet,
902 1925 979 1964 ne
1026 1906 1234 1982 patriae
1272 1905 1516 1982 quidem
1567 1905 1787 1962 damno
1834 1911 1897 1962 et
1943 1905 2114 1981 igno-

302 2005 526 2063 minia:
573 2005 752 2082 plane
792 2013 862 2062 ut
903 2003 1023 2072 ille,
1057 2004 1227 2080 cujus
1275 2005 1452 2062 modo
1497 2005 1764 2062 carmina
1795 2023 1934 2061 cum
1969 2002 2112 2060 Pin-

303 2105 520 2161 daricis
561 2104 818 2161 conferri
867 2122 1041 2180 posse
1088 2103 1456 2171 dicebamus,
1495 2123 1634 2160 cum
1684 2102 1878 2160 indies
1919 2101 2110 2159 ferme

302 2203 504 2262 labare
536 2223 606 2261 ac
636 2203 828 2261 minui
863 2203 1094 2260 videret
1133 2222 1232 2260 eas
1263 2203 1324 2259 in
1366 2202 1677 2280 republica
1713 2208 1931 2279 partes,
1965 2221 2109 2278 qua-

300 2323 433 2360 rum
460 2305 588 2380 ipse
612 2303 1061 2361 amantissimus
1087 2309 1232 2370 erat,
1255 2322 1566 2378 nunquam
1592 2310 1799 2360 tamen
1820 2320 1954 2360 eam
1977 2320 2106 2358 rem

300 2411 655 2480 prosecutus
696 2411 790 2460 est
822 2402 919 2460 vel
961 2403 1114 2459 irato
1152 2402 1247 2459 vel
1290 2411 1509 2459 moesto
1557 2402 1856 2459 carmine:
1906 2400 2105 2466 modo,

299 2503 459 2579 quod
494 2503 740 2560 unicum
774 2501 882 2559 tali
915 2502 1042 2558 viro
1075 2501 1421 2579 perfugium
1468 2501 1737 2578 patebat,
1770 2501 2000 2577 recepit
2041 2518 2105 2557 se

296 2602 358 2658 in
413 2611 688 2659 veterum
743 2600 1117 2668 memoriam,
1175 2608 1359 2677 atque
1412 2601 1474 2657 in
1534 2600 1789 2657 heroum
1842 2598 2103 2667 annaleS,

298 2701 466 2759 velut
510 2702 573 2758 in
619 2708 863 2777 portum
895 2700 1219 2776 quendam,
1253 2719 1331 2757 ex
1372 2699 1615 2757 turbine
1653 2706 1716 2757 et
1755 2698 1947 2757 fluctu
1995 2697 2105 2754 hu-

285 2800 388 2876 jus
426 2820 564 2876 quae
609 2819 772 2857 nunc
816 2806 910 2857 est
954 2799 1233 2857 civitatis.
1326 2798 1553 2868 Quidni
1593 2799 1927 2866 credamus,
1961 2796 2104 2854 Pin·
2167 2863 2170 2866 ⁴

295 2899 438 2956 daro
486 2917 727 2975 quoque
775 2898 862 2956 ita
911 2897 1287 2975 displicuisse
1335 2897 1499 2955 urbis
1546 2917 1672 2955 suae
1718 2895 1983 2963 consilia,
2030 2901 2101 2951 ut

294 2995 355 3051 in
388 2994 618 3052 deliciis
649 3003 857 3052 tamen
897 2995 1151 3052 haberet
1181 2995 1396 3053 urbem
1436 2994 1645 3071 ipsam,
1676 2993 1975 3060 viciniam,
2009 3011 2098 3048 re-

293 3094 563 3172 ligioneS,
598 3094 934 3169 priscorum
971 3095 1230 3152 virorum
1262 3093 1700 3150 monumenta?

378 3190 592 3268 Atque
630 3192 691 3248 in
729 3191 843 3250 hac
880 3213 945 3250 re
987 3194 1210 3269 primas
1250 3191 1427 3250 facile
1474 3192 1708 3249 tenebit
1751 3188 2097 3246 dulcissima

291 3290 510 3357 naenia,
540 3273 859 3367 profligata
878 3292 1062 3367 juxta
1092 3290 1442 3369 OEnophyta
1472 3290 1899 3348 Thebanorum
1931 3288 2093 3345 acie:

291 3392 367 3448 de
397 3410 518 3466 qua
558 3389 899 3459 dicendum,
934 3393 1094 3467 quod
1141 3391 1355 3468 saepius
1400 3390 1462 3446 in
1511 3388 1860 3456 PindariciS,
1902 3386 2096 3444 maxi-

289 3509 451 3548 mam
507 3491 635 3566 ejus
687 3490 926 3549 laudem
977 3492 1117 3568 poni
1164 3492 1226 3548 in
1272 3490 1374 3547 filo
1419 3490 1549 3566 ipso
1595 3496 1658 3546 et
1702 3505 1925 3565 genere
1968 3505 2094 3543 car-

290 3589 487 3656 minis,
511 3589 741 3665 optime
764 3591 1096 3670 comparati
1123 3590 1198 3647 ad
1230 3588 1533 3656 solatium,
1555 3606 1676 3644 non
1707 3594 1835 3644 tam
1868 3584 2089 3641 civium
