2288 4036
345 225 458 286 596
840 229 1184 299 δῚιαῙεεΡθνιωη
1199 231 1429 302 propria
1455 231 1643 295 dicere,
1810 252 1970 286 PRAEL.
1990 252 2143 286 xxnz.

343 374 480 432 dam
531 382 595 433 et
644 374 1144 452 significationem
1191 375 1420 434 habent
1465 378 1710 445 servitii,
1747 379 1998 438 mirifice
2043 399 2149 437 ex-

341 493 604 551 pressam
636 475 710 531 ad
744 473 1057 550 exemplar
1086 474 1381 551 ejusmodi
1412 475 1728 534 hominum
1752 477 1811 536 ⁵?

642 592 803 637 δοῦλος
822 590 902 649 μὲν
924 589 1001 637 οὖν
1022 592 1164 651 ἔγωγε
1186 596 1281 638 σῶν
1301 592 1461 651 δόμων,
1484 593 1608 651 ἅναξ·

641 665 751 724 ἅταρ
773 668 991 711 τοσοῦτόν
1010 664 1052 725 γ’
1075 667 1127 711 οὐ
1149 665 1395 725 δυνήσομαί
1413 686 1523 713 ποτε

641 740 719 785 τὸν
740 740 824 785 σὸν
843 738 1054 785 πιθέσθαι
1074 739 1212 794 παῖδ’,
1236 740 1355 787 ὅπως
1376 741 1499 787 ἐστιν
1520 745 1663 789 κακός.

640 812 731 858 οὐδ’
755 814 794 857 εἷ
817 819 1034 873 γυναικῶν
1053 817 1140 859 πᾶν
1162 815 1426 874 κρεμασθείη
1448 815 1590 875 γένος,

640 888 710 932 καὶ
731 888 810 945 τὴν
831 888 878 933 ἐν
896 887 986 946 Ἰδῇ
1008 889 1276 948 γραμμάτων
1295 888 1487 947 πλήσειέ
1506 909 1572 937 τις

637 961 813 1020 πεύκην·
847 963 942 1007 ἕπει
962 981 1037 1021 μιν
1059 962 1227 1009 ἐσθλὸν
1248 962 1335 1009 ὅντ’
1361 963 1616 1022 ἐπίσταμαι.

421 1066 579 1125 Cum
611 1074 816 1125 autem
850 1067 912 1124 in
946 1066 1240 1126 hodierno
1271 1086 1548 1125 sermone
1582 1066 1919 1146 Sliaksperi'
1955 1070 2143 1129 nostri

334 1167 566 1224 mentio
605 1185 728 1223 non
774 1165 963 1225 semel
1001 1165 1300 1235 inciderit,
1333 1185 1600 1242 quaerere
1630 1166 1783 1225 libet
1814 1187 1889 1225 an
1923 1187 2000 1226 ex
2030 1168 2145 1226 hac

334 1264 715 1342 potissimum
771 1271 945 1342 parte
996 1265 1219 1323 habeat
1275 1263 1381 1322 ille
1434 1283 1574 1322 cum
1629 1265 1927 1342 Euripide
1980 1286 2146 1325 com-

333 1383 519 1422 mune
551 1363 857 1440 quoddam
889 1364 1268 1441 cognationis
1299 1362 1649 1421 vinculum:
1699 1383 1777 1422 ex
1807 1364 1922 1423 hac
1953 1372 2142 1442 parte,

333 1464 602 1540 inquam,
662 1463 821 1539 quod
883 1470 1158 1520 versatur
1214 1469 1474 1539 uterque
1534 1462 1750 1520 lubens
1808 1464 1873 1521 in
1933 1483 2143 1522 eorum

333 1562 513 1620 rebus
557 1562 912 1638 animisque,
945 1562 1047 1638 qui
1094 1561 1304 1620 infima
1348 1568 1490 1619 sunt
1536 1562 1885 1620 conditione
1926 1569 1990 1620 et
2026 1562 2146 1620 for-

331 1667 499 1719 tuna.
590 1659 729 1719 Hoc
760 1661 1032 1728 interest,
1064 1661 1226 1737 quod
1259 1659 1377 1718 Ille
1406 1667 1629 1729 noster,
1650 1661 1888 1738 quoties
1919 1661 1979 1719 id
2013 1668 2144 1720 erat

330 1758 393 1815 in
429 1766 656 1828 mente,
689 1759 892 1836 potuit
937 1776 1249 1837 assurgere
1290 1759 1350 1816 in
1399 1758 1616 1817 altiora
1644 1759 1972 1836 quaelibet:
2021 1759 2146 1817 Eu-

330 1857 525 1935 ripidi,
558 1858 608 1916 si
648 1877 758 1916 nos
798 1857 982 1915 modo
1027 1864 1194 1915 recte
1232 1857 1634 1917 divinavimus
1679 1859 1808 1935 ejus
1851 1865 2143 1928 mentem,

329 1976 448 2014 non
483 1955 601 2014 alia
630 1964 847 2033 praeter
876 1955 1033 2013 hanc
1063 1955 1304 2033 propria
1334 1964 1496 2015 sorte
1521 1957 1769 2015 obvenit
1799 1957 2143 2034 provincia3

329 2075 551 2133 nempe
596 2063 667 2113 ut
710 2055 772 2112 in
818 2054 891 2112 iis
937 2054 1288 2114 dominetur
1333 2054 1675 2113 animorum
1719 2056 2008 2126 motibus,
2040 2057 2143 2134 qui

329 2161 547 2213 natura
587 2172 942 2212 communes
984 2160 1126 2211 sunt
1172 2153 1444 2211 omnium
1488 2155 1614 2212 sive
1660 2154 1978 2212 hominum
2017 2156 2143 2214 sive

329 2253 730 2311 fortunarum.
820 2251 1008 2329 Apud
1044 2271 1185 2310 eum
1218 2251 1554 2329 loquuntur
1582 2273 1705 2311 non
1736 2260 1864 2311 tam
1898 2252 2141 2321 Medea,

330 2351 614 2421 Alcestis,
638 2352 973 2430 Iphigenia,
995 2358 1253 2421 caeterae,
1274 2371 1454 2428 quam
1480 2358 1677 2410 mater
1696 2351 1944 2428 quaeviS,
1968 2372 2141 2422 uxor,

328 2451 486 2521 filia3
531 2451 715 2509 modo
746 2450 1172 2508 vehementius
1202 2470 1508 2527 quamque
1549 2452 1919 2509 commoveri
1963 2451 2144 2510 intel-

330 2552 498 2630 ligas,
544 2552 651 2610 sed
696 2557 786 2610 eo'
814 2558 1024 2609 tamen
1069 2550 1308 2620 affectU,
1357 2569 1539 2627 quem
1587 2557 1812 2609 norunt
1859 2550 2141 2619 universi,

329 2651 431 2726 qui
464 2650 705 2718 liberOS,
737 2649 1078 2726 conjugem,
1111 2654 1394 2724 parentes
1424 2666 1630 2706 amore
1674 2654 2140 2724 prosequuntur.

330 2748 555 2825 Neque
600 2749 763 2806 enim
797 2747 1145 2806 dulcissima
1186 2746 1311 2814 illa,
1343 2746 1564 2822 quibus
1598 2745 1826 2805 Medea
1857 2745 2142 2804 valedicit

328 2849 530 2925 pueris
582 2848 722 2915 suiS,
776 2865 1034 2923 quorum
1094 2846 1224 2923 ipsa
1270 2846 1526 2922 jamjam
1590 2845 1780 2903 exitio
1838 2844 2140 2914 imminet,

327 2947 658 3023 quidquam
714 2946 975 3022 sapiunt,
1027 2944 1189 3021 quod
1242 2945 1483 3021 proprie
1533 2943 1838 3021 pertineat
1889 2943 2016 3001 sive
2063 2943 2140 3001 ad

329 3044 687 3103 Colchidem
733 3044 861 3101 sive
908 3042 984 3101 ad
1034 3062 1294 3121 magam,
1342 3043 1470 3101 sive
1517 3043 1594 3101 ad
1638 3049 1906 3102 atrocem
1953 3042 2141 3119 ipsius

327 3143 631 3202 indolem:
677 3149 985 3200 maternos
1029 3148 1292 3211 tantum,
1336 3142 1566 3219 opinor,
1612 3156 1847 3199 amores
1892 3141 2139 3218 spirant,

328 3258 399 3298 ac
430 3239 791 3297 tenerrimos
822 3237 1070 3314 quidem
1090 3237 1146 3296 ¹⁵:

630 3354 791 3400 παῖδας
810 3357 1073 3413 προσειπεῖν
1091 3357 1328 3414 βουλόμαι·
1364 3354 1473 3408 δότ’,
1495 3354 1530 3400 ὦ
1551 3355 1695 3409 τέκνα,

633 3427 722 3474 δότ’
745 3428 1044 3474 ἀσπάσασθαι
1063 3430 1196 3489 μητρὶ
1218 3429 1367 3486 δεξίαν
1387 3429 1514 3488 χερά·

631 3500 666 3545 ὦ
686 3502 881 3559 φιλτάτη
902 3501 1020 3560 χεὶρ,
1042 3503 1265 3560 φιλτάτον
1286 3501 1338 3547 δέ
1354 3520 1430 3560 μοι
1452 3501 1578 3560 κάρα,

574 3666 592 3689 ⁸
615 3659 797 3717 Hippot.
828 3655 960 3715 1263.
1569 3659 1588 3689 t
1612 3657 1733 3702 Med.
1762 3657 1891 3716 1065.
