2288 4036
310 219 422 276 566
487 222 753 295 Sophocles
778 223 837 277 in
863 240 1052 295 anyore
1077 220 1399 294 depingendo
1425 224 1661 295 eqreyius·
1677 245 1693 277 :
1760 241 2129 279 PRAEL.XXV111‹

309 365 469 427 culo,
561 366 727 428 Nam
771 368 894 428 isto
920 368 1054 428 fere*
1079 390 1262 429 cursu=v
1299 370 1580 429 feruntur
1624 391 1721 430 res
1762 371 2078 431 hominum
2110 392 2128 432 z

311 468 466 525 seria
499 487 639 525 cum
671 469 866 545 nugis,
897 468 1152 526 ridicula
1189 488 1330 527 cum
1377 469 1650 528 molestis
1687 471 2027 529 mirandum
2061 473 2126 529 in

311 567 562 624 modum
598 567 979 625 commisceri
1011 566 1228 625 solent.
1320 567 1591 627 Necesse
1628 570 1744 627 erit
1789 571 1992 647 igitur,
2022 589 2133 629 ex-

314 665 548 742 emplar
578 666 740 733 vitae,
775 665 1120 743 Tragoedia,
1157 666 1508 743 petulantiae
1553 669 1805 727 com-icae
1851 668 2126 727 nonnihil

313 764 377 821 in
423 783 487 822 se
533 764 841 822 admittat.
933 763 1252 842 Sophoclis
1297 773 1525 835 autem,
1555 774 1626 825 ut
1659 767 1921 837 videtur,
1960 785 2130 826 seve-

311 863 439 920 rius
477 869 608 920 erat
639 862 943 939 judicium
976 872 1040 922 et
1066 864 1311 922 fastidio
1346 866 1603 942 propiuS,
1633 883 1813 943 quam
1848 873 1917 924 ut
1948 866 2129 926 facile

311 968 625 1037 pateretur
668 962 913 1021 turbam
966 963 1134 1022 illam
1187 964 1559 1023 diversarum
1611 985 1813 1023 rerum
1857 974 1921 1023 et
1958 967 2126 1043 quasi

313 1059 660 1120 colluviem.
754 1062 930 1120 Nihil
976 1064 1135 1140 apud
1183 1062 1358 1121 illum
1403 1063 1616 1122 militis
1653 1063 2127 1143 Agamemnonii

315 1159 533 1229 simile,
574 1159 671 1218 vel
716 1159 1042 1219 nutriculae
1087 1161 1250 1220 illius
1295 1162 1358 1219 in
1404 1161 1815 1240 Choephoris:
1869 1182 2127 1241 quorum

312 1259 636 1337 utriusque
672 1279 745 1318 ea
786 1267 879 1319 est
926 1261 1098 1330 ratio,
1132 1269 1204 1319 ut
1250 1262 1310 1318 in
1354 1270 1590 1338 partem
1621 1263 1822 1321 vocari
1869 1264 2127 1322 doceant

313 1376 516 1416 rerum
555 1358 907 1437 lugubrium
945 1360 1173 1419 infimae
1205 1380 1448 1438 quoque
1478 1362 1656 1420 sortis
1700 1361 1997 1432 homineS,
2029 1370 2129 1421 tu-

314 1458 588 1517 nicatum
637 1458 967 1536 popellum,
1001 1460 1220 1518 vilibus
1262 1461 1420 1519 curis
1468 1462 1800 1521 intentum.
1893 1461 2130 1540 Sopho-

313 1556 391 1615 cli
433 1556 587 1615 nihil
627 1577 748 1616 non
787 1566 1087 1627 ornatum,
1119 1579 1320 1637 grave,
1353 1559 1850 1638 magniloquum:
1898 1581 1974 1619 ex
2007 1582 2127 1639 quo

312 1657 457 1715 satis
497 1656 881 1736 intelligitur,
913 1658 1175 1716 caruisse
1207 1659 1403 1715 virum
1437 1657 1542 1716 illo
1575 1666 1740 1716 certe
1771 1659 1942 1718 fonte
1974 1659 2129 1719 Poe-

311 1775 462 1823 seos,
502 1776 622 1833 quo
667 1756 968 1826 fruuntur,
1003 1758 1106 1835 qui
1153 1757 1427 1815 omnium
1466 1777 1746 1815 curarum
1793 1765 1857 1817 et
1902 1760 2127 1818 conscii

314 1863 378 1914 et
408 1857 733 1934 participes
763 1857 891 1915 fieri
925 1856 1145 1916 solent.

401 1955 494 2014 At
525 1957 684 2014 eni-m
721 1957 929 2033 ecquis
962 1954 1267 2034 Sophocle
1304 1954 1538 2015 felicior
1577 1957 1641 2015 in
1685 1956 1758 2016 iis
1797 1957 2130 2037 depingen-

316 2055 408 2114 dis
454 2057 556 2133 qui
604 2064 885 2114 extremo
935 2056 1143 2114 dolore
1203 2057 1608 2132 torquentur?
1699 2057 2125 2118 Recordamini

315 2156 499 2213 modo
551 2154 838 2214 Herculis
891 2154 1051 2214 illius
1104 2155 1304 2225 (Etaei,
1351 2176 1471 2234 quo
1532 2162 1823 2233 tanquam
1884 2157 2128 2216 turbine

317 2253 941 2331 splendidissimorum
973 2255 1296 2313 verborum
1328 2254 1597 2313 celebret
1629 2255 1758 2332 ipse
1788 2257 1983 2315 morbi
2016 2257 2131 2314 im-

316 2361 496 2430 petus
527 2354 585 2411 in
621 2374 684 2412 se
718 2354 1114 2412 vehementer
1143 2356 1497 2433 ingruentes
1518 2351 1563 2413 b.

620 2480 862 2538 πλευραῖσι
882 2478 970 2539 γὰρ
991 2477 1301 2538 προσμαχθὲν,
1324 2477 1373 2523 ἐκ
1391 2478 1471 2537 μὲν
1493 2478 1689 2538 ἐσχάτας

619 2554 823 2614 βέβρωκε
850 2555 1033 2614 σάρκας,
1053 2556 1294 2612 πνευμόνος
1314 2552 1351 2599 τ’
1374 2554 1583 2614 ἀρτηρίας

620 2628 757 2689 ῥοφεῖ
778 2629 1002 2686 ξυνοικῶν·
1036 2629 1085 2674 ἐκ
1106 2629 1153 2674 δέ
1175 2629 1356 2687 χλωρὸν
1377 2626 1482 2687 αἷμά
1502 2647 1589 2687 μου

618 2703 821 2749 πέπωκεν
841 2704 938 2762 ἤδη,
963 2703 1033 2748 καὶ
1056 2702 1327 2763 διέφθαρμαι
1350 2702 1483 2761 δέμας

621 2779 672 2823 τὸ
694 2780 801 2832 πᾶν,
818 2778 1042 2840 ἀφράστῳ
1064 2778 1170 2836 τῇδε
1190 2777 1420 2837 χειρωθεὶς
1438 2777 1567 2835 πέδῃ.

316 2881 468 2940 Haec
510 2883 674 2940 omni
721 2882 901 2943 laude
950 2884 1178 2961 majora
1197 2903 1215 2953 3·
1260 2890 1323 2942 et
1365 2883 1613 2941 memini
1665 2881 1947 2959 equidem
1985 2902 2122 2942 cum

317 3003 474 3041 unus
519 3003 596 3041 ex
646 3003 859 3042 eorum-
909 3004 1164 3043 numero
1210 2984 1314 3062 qui
1360 2984 1694 3043 doctissimi
1745 2983 2127 3043 habebantur

316 3081 431 3141 hac
477 3084 786 3152 memoria,
833 3083 1065 3143 relecto
1105 3104 1178 3143 eo
1218 3083 1504 3154 carmine,
1535 3083 1957 3143 vehementius
2002 3083 2123 3143 cla-

316 3189 532 3251 maret,
566 3180 740 3260 Euge
780 3183 866 3240 mi
911 3181 1251 3261 Sophocle!
1295 3201 1477 3261 quam
1521 3183 1680 3241 bene
1726 3181 1987 3242 calluisti
2034 3203 2127 3242 ar-

316 3287 446 3338 tem
493 3279 698 3339 tuam!
789 3280 942 3351 Quis
983 3281 1211 3359 negat?
1254 3289 1318 3340 at
1349 3300 1561 3340 vereor
1599 3288 1809 3340 tamen
1849 3300 1927 3341 an
1968 3283 2127 3360 ejus-

318 3380 485 3438 modi
530 3379 716 3438 fuerit
768 3381 1163 3457 praeconium,
1211 3381 1374 3458 quod
1427 3381 1611 3476 capiti
1664 3381 1971 3459 scriptoris
2022 3381 2125 3439 de-

320 3478 589 3539 traheret
634 3479 835 3557 potius
880 3480 1144 3558 primarii
1190 3501 1494 3550 coronam,
1532 3501 1713 3559 quam
1764 3482 2122 3560 imponeret.

1040 3666 1058 3694 b
1085 3668 1246 3713 Trach.
1275 3679 1410 3726 1070„
